[INFO][send][2018-08-29 11:49:45,204]请求接口：market/latest-trade--请求参数：{'symbol': 'SLB/USDT', 'size': '50'}
[INFO][send][2018-08-29 11:49:45,391]响应时长：172.0--响应状态:200--响应结果：[{"symbol":"SLB/USDT","price":0.08005000,"amount":100.00000,"buyTurnover":8.00500,"sellTurnover":8.00500,"direction":"SELL","buyOrderId":"E217684028641185792","sellOrderId":"E219423038552084480","unfinishedOrderId":"E217684028641185792","unfinishedTradedAmount":15778.79295000,"unfinishedTradedTurnover":1263.09237,"time":1535514528915},{"symbol":"SLB/USDT","price":0.08005000,"amount":100.00000,"buyTurnover":8.00500,"sellTurnover":8.00500,"direction":"SELL","buyOrderId":"E217684028641185792","sellOrderId":"E219423025709125632","unfinishedOrderId":"E217684028641185792","unfinishedTradedAmount":15678.79295000,"unfinishedTradedTurnover":1255.08737,"time":1535514525854},{"symbol":"SLB/USDT","price":0.08005000,"amount":100.00000,"buyTurnover":8.00500,"sellTurnover":8.00500,"direction":"SELL","buyOrderId":"E217684028641185792","sellOrderId":"E219418316977934336","unfinishedOrderId":"E217684028641185792","unfinishedTradedAmount":15578.79295000,"unfinishedTradedTurnover":1247.08237,"time":1535513403220},{"symbol":"SLB/USDT","price":0.08005000,"amount":100.00000,"buyTurnover":8.00500,"sellTurnover":8.00500,"direction":"SELL","buyOrderId":"E217684028641185792","sellOrderId":"E219418303468081152","unfinishedOrderId":"E217684028641185792","unfinishedTradedAmount":15478.79295000,"unfinishedTradedTurnover":1239.07737,"time":1535513399993},{"symbol":"SLB/USDT","price":0.08008,"amount":5.00000,"buyTurnover":0.40040,"sellTurnover":0.40040,"direction":"SELL","buyOrderId":"E219395274604220418","sellOrderId":"E219395279289257984","unfinishedOrderId":null,"unfinishedTradedAmount":null,"unfinishedTradedTurnover":null,"time":1535507911006},{"symbol":"SLB/USDT","price":0.08005000,"amount":5.00000,"buyTurnover":0.40025,"sellTurnover":0.40025,"direction":"SELL","buyOrderId":"E217684028641185792","sellOrderId":"E219395256279306241","unfinishedOrderId":"E217684028641185792","unfinishedTradedAmount":11463.79295000,"unfinishedTradedTurnover":917.67662,"time":1535507906177},{"symbol":"SLB/USDT","price":0.08009,"amount":5.00000,"buyTurnover":0.40045,"sellTurnover":0.40045,"direction":"BUY","buyOrderId":"E219395274956541952","sellOrderId":"E219395002318393345","unfinishedOrderId":null,"unfinishedTradedAmount":null,"unfinishedTradedTurnover":null,"time":1535507911005},{"symbol":"SLB/USDT","price":0.08009,"amount":5.00000,"buyTurnover":0.40045,"sellTurnover":0.40045,"direction":"BUY","buyOrderId":"E219395274352562176","sellOrderId":"E219395001722802176","unfinishedOrderId":null,"unfinishedTradedAmount":null,"unfinishedTradedTurnover":null,"time":1535507911005},{"symbol":"SLB/USDT","price":0.08009,"amount":5.00000,"buyTurnover":0.40045,"sellTurnover":0.40045,"direction":"BUY","buyOrderId":"E219395275103342593","sellOrderId":"E219395002293227521","unfinishedOrderId":null,"unfinishedTradedAmount":null,"unfinishedTradedTurnover":null,"time":1535507911005},{"symbol":"SLB/USDT","price":0.08005000,"amount":5.00000,"buyTurnover":0.40025,"sellTurnover":0.40025,"direction":"SELL","buyOrderId":"E217684028641185792","sellOrderId":"E219395256824565760","unfinishedOrderId":"E217684028641185792","unfinishedTradedAmount":11458.79295000,"unfinishedTradedTurnover":917.27637,"time":1535507906176},{"symbol":"SLB/USDT","price":0.08005000,"amount":5.00000,"buyTurnover":0.40025,"sellTurnover":0.40025,"direction":"SELL","buyOrderId":"E217684028641185792","sellOrderId":"E219395256862314497","unfinishedOrderId":"E217684028641185792","unfinishedTradedAmount":11453.79295000,"unfinishedTradedTurnover":916.87612,"time":1535507906175},{"symbol":"SLB/USDT","price":0.08008,"amount":5.00000,"buyTurnover":0.40040,"sellTurnover":0.40040,"direction":"BUY","buyOrderId":"E219395256224780289","sellOrderId":"E219395254106656772","unfinishedOrderId":null,"unfinishedTradedAmount":null,"unfinishedTradedTurnover":null,"time":1535507906169},{"symbol":"SLB/USDT","price":0.08009,"amount":5.00000,"buyTurnover":0.40045,"sellTurnover":0.40045,"direction":"BUY","buyOrderId":"E219395275036233728","sellOrderId":"E219395003048202240","unfinishedOrderId":null,"unfinishedTradedAmount":null,"unfinishedTradedTurnover":null,"time":1535507911003},{"symbol":"SLB/USDT","price":0.08007,"amount":5.00000,"buyTurnover":0.40035,"sellTurnover":0.40035,"direction":"SELL","buyOrderId":"E219395256224780290","sellOrderId":"E219395255717269505","unfinishedOrderId":null,"unfinishedTradedAmount":null,"unfinishedTradedTurnover":null,"time":1535507906169},{"symbol":"SLB/USDT","price":0.08009,"amount":5.00000,"buyTurnover":0.40045,"sellTurnover":0.40045,"direction":"BUY","buyOrderId":"E219395275082371072","sellOrderId":"E219395001542447108","unfinishedOrderId":null,"unfinishedTradedAmount":null,"unfinishedTradedTurnover":null,"time":1535507911002},{"symbol":"SLB/USDT","price":0.08005000,"amount":5.00000,"buyTurnover":0.40025,"sellTurnover":0.40025,"direction":"SELL","buyOrderId":"E217684028641185792","sellOrderId":"E219395256283500544","unfinishedOrderId":"E217684028641185792","unfinishedTradedAmount":11448.79295000,"unfinishedTradedTurnover":916.47587,"time":1535507906169},{"symbol":"SLB/USDT","price":0.08008,"amount":5.00000,"buyTurnover":0.40040,"sellTurnover":0.40040,"direction":"BUY","buyOrderId":"E219395256862314496","sellOrderId":"E219395252198248452","unfinishedOrderId":null,"unfinishedTradedAmount":null,"unfinishedTradedTurnover":null,"time":1535507905962},{"symbol":"SLB/USDT","price":0.08005000,"amount":5.00000,"buyTurnover":0.40025,"sellTurnover":0.40025,"direction":"SELL","buyOrderId":"E217684028641185792","sellOrderId":"E219395256086368256","unfinishedOrderId":"E217684028641185792","unfinishedTradedAmount":11443.79295000,"unfinishedTradedTurnover":916.07562,"time":1535507905962},{"symbol":"SLB/USDT","price":0.08006,"amount":5.00000,"buyTurnover":0.40030,"sellTurnover":0.40030,"direction":"SELL","buyOrderId":"E219395256220585988","sellOrderId":"E219395256077979648","unfinishedOrderId":null,"unfinishedTradedAmount":null,"unfinishedTradedTurnover":null,"time":1535507905957},{"symbol":"SLB/USDT","price":0.08005000,"amount":5.00000,"buyTurnover":0.40025,"sellTurnover":0.40025,"direction":"SELL","buyOrderId":"E217684028641185792","sellOrderId":"E219395255717269504","unfinishedOrderId":"E217684028641185792","unfinishedTradedAmount":11438.79295000,"unfinishedTradedTurnover":915.67537,"time":1535507905906},{"symbol":"SLB/USDT","price":0.08006,"amount":5.00000,"buyTurnover":0.40030,"sellTurnover":0.40030,"direction":"BUY","buyOrderId":"E219395255725658114","sellOrderId":"E219395255700492288","unfinishedOrderId":null,"unfinishedTradedAmount":null,"unfinishedTradedTurnover":null,"time":1535507905906},{"symbol":"SLB/USDT","price":0.08005000,"amount":5.00000,"buyTurnover":0.40025,"sellTurnover":0.40025,"direction":"SELL","buyOrderId":"E217684028641185792","sellOrderId":"E219395256216391680","unfinishedOrderId":"E217684028641185792","unfinishedTradedAmount":11433.79295000,"unfinishedTradedTurnover":915.27512,"time":1535507905900},{"symbol":"SLB/USDT","price":0.08009,"amount":5.00000,"buyTurnover":0.40045,"sellTurnover":0.40045,"direction":"BUY","buyOrderId":"E219395282497900544","sellOrderId":"E219395002314199041","unfinishedOrderId":null,"unfinishedTradedAmount":null,"unfinishedTradedTurnover":null,"time":1535507911547},{"symbol":"SLB/USDT","price":0.08005000,"amount":5.00000,"buyTurnover":0.40025,"sellTurnover":0.40025,"direction":"SELL","buyOrderId":"E217684028641185792","sellOrderId":"E219395256228974594","unfinishedOrderId":"E217684028641185792","unfinishedTradedAmount":11518.79295000,"unfinishedTradedTurnover":922.07937,"time":1535507906186},{"symbol":"SLB/USDT","price":0.08006,"amount":5.00000,"buyTurnover":0.40030,"sellTurnover":0.40030,"direction":"SELL","buyOrderId":"E219395274264481796","sellOrderId":"E219395282065887233","unfinishedOrderId":null,"unfinishedTradedAmount":null,"unfinishedTradedTurnover":null,"time":1535507911547},{"symbol":"SLB/USDT","price":0.08006,"amount":5.00000,"buyTurnover":0.40030,"sellTurnover":0.40030,"direction":"BUY","buyOrderId":"E219395256811982848","sellOrderId":"E219395256799399936","unfinishedOrderId":null,"unfinishedTradedAmount":null,"unfinishedTradedTurnover":null,"time":1535507906185},{"symbol":"SLB/USDT","price":0.08005000,"amount":5.00000,"buyTurnover":0.40025,"sellTurnover":0.40025,"direction":"SELL","buyOrderId":"E217684028641185792","sellOrderId":"E219395256816177153","unfinishedOrderId":"E217684028641185792","unfinishedTradedAmount":11513.79295000,"unfinishedTradedTurnover":921.67912,"time":1535507906184},{"symbol":"SLB/USDT","price":0.08005000,"amount":5.00000,"buyTurnover":0.40025,"sellTurnover":0.40025,"direction":"SELL","buyOrderId":"E217684028641185792","sellOrderId":"E219395256224780292","unfinishedOrderId":"E217684028641185792","unfinishedTradedAmount":11503.79295000,"unfinishedTradedTurnover":920.87862,"time":1535507906183},{"symbol":"SLB/USDT","price":0.08009,"amount":5.00000,"buyTurnover":0.40045,"sellTurnover":0.40045,"direction":"BUY","buyOrderId":"E219395281864560643","sellOrderId":"E219395002561662976","unfinishedOrderId":null,"unfinishedTradedAmount":null,"unfinishedTradedTurnover":null,"time":1535507911546},{"symbol":"SLB/USDT","price":0.08009,"amount":5.00000,"buyTurnover":0.40045,"sellTurnover":0.40045,"direction":"BUY","buyOrderId":"E219395283043160064","sellOrderId":"E219395002293227520","unfinishedOrderId":null,"unfinishedTradedAmount":null,"unfinishedTradedTurnover":null,"time":1535507911546},{"symbol":"SLB/USDT","price":0.08005000,"amount":5.00000,"buyTurnover":0.40025,"sellTurnover":0.40025,"direction":"SELL","buyOrderId":"E217684028641185792","sellOrderId":"E219395256879091712","unfinishedOrderId":"E217684028641185792","unfinishedTradedAmount":11498.79295000,"unfinishedTradedTurnover":920.47837,"time":1535507906183},{"symbol":"SLB/USDT","price":0.08005000,"amount":5.00000,"buyTurnover":0.40025,"sellTurnover":0.40025,"direction":"SELL","buyOrderId":"E217684028641185792","sellOrderId":"E219395256275111936","unfinishedOrderId":"E217684028641185792","unfinishedTradedAmount":11493.79295000,"unfinishedTradedTurnover":920.07812,"time":1535507906183},{"symbol":"SLB/USDT","price":0.08005000,"amount":5.00000,"buyTurnover":0.40025,"sellTurnover":0.40025,"direction":"SELL","buyOrderId":"E217684028641185792","sellOrderId":"E219395192446193664","unfinishedOrderId":"E217684028641185792","unfinishedTradedAmount":7103.79295000,"unfinishedTradedTurnover":568.65862,"time":1535507890103},{"symbol":"SLB/USDT","price":0.08005000,"amount":5.00000,"buyTurnover":0.40025,"sellTurnover":0.40025,"direction":"SELL","buyOrderId":"E217684028641185792","sellOrderId":"E219395256811982852","unfinishedOrderId":"E217684028641185792","unfinishedTradedAmount":11488.79295000,"unfinishedTradedTurnover":919.67787,"time":1535507906183},{"symbol":"SLB/USDT","price":0.08007,"amount":5.00000,"buyTurnover":0.40035,"sellTurnover":0.40035,"direction":"SELL","buyOrderId":"E219395281084420096","sellOrderId":"E219395281340272640","unfinishedOrderId":null,"unfinishedTradedAmount":null,"unfinishedTradedTurnover":null,"time":1535507911544},{"symbol":"SLB/USDT","price":0.08005000,"amount":5.00000,"buyTurnover":0.40025,"sellTurnover":0.40025,"direction":"SELL","buyOrderId":"E217684028641185792","sellOrderId":"E219395256799399938","unfinishedOrderId":"E217684028641185792","unfinishedTradedAmount":11478.79295000,"unfinishedTradedTurnover":918.87737,"time":1535507906182},{"symbol":"SLB/USDT","price":0.08007,"amount":5.00000,"buyTurnover":0.40035,"sellTurnover":0.40035,"direction":"SELL","buyOrderId":"E219395275094953984","sellOrderId":"E219395281180889088","unfinishedOrderId":null,"unfinishedTradedAmount":null,"unfinishedTradedTurnover":null,"time":1535507911543},{"symbol":"SLB/USDT","price":0.08005000,"amount":5.00000,"buyTurnover":0.40025,"sellTurnover":0.40025,"direction":"SELL","buyOrderId":"E217684028641185792","sellOrderId":"E219395256803594240","unfinishedOrderId":"E217684028641185792","unfinishedTradedAmount":11473.79295000,"unfinishedTradedTurnover":918.47712,"time":1535507906182},{"symbol":"SLB/USDT","price":0.08008,"amount":5.00000,"buyTurnover":0.40040,"sellTurnover":0.40040,"direction":"SELL","buyOrderId":"E219395282447568896","sellOrderId":"E219395280996339712","unfinishedOrderId":null,"unfinishedTradedAmount":null,"unfinishedTradedTurnover":null,"time":1535507911542},{"symbol":"SLB/USDT","price":0.08006,"amount":5.00000,"buyTurnover":0.40030,"sellTurnover":0.40030,"direction":"SELL","buyOrderId":"E219395255616606209","sellOrderId":"E219395254668693504","unfinishedOrderId":null,"unfinishedTradedAmount":null,"unfinishedTradedTurnover":null,"time":1535507905524},{"symbol":"SLB/USDT","price":0.08005000,"amount":5.00000,"buyTurnover":0.40025,"sellTurnover":0.40025,"direction":"SELL","buyOrderId":"E217684028641185792","sellOrderId":"E219395254630944769","unfinishedOrderId":"E217684028641185792","unfinishedTradedAmount":11373.79295000,"unfinishedTradedTurnover":910.47212,"time":1535507905522},{"symbol":"SLB/USDT","price":0.08005000,"amount":5.00000,"buyTurnover":0.40025,"sellTurnover":0.40025,"direction":"SELL","buyOrderId":"E217684028641185792","sellOrderId":"E219395254651916288","unfinishedOrderId":"E217684028641185792","unfinishedTradedAmount":11368.79295000,"unfinishedTradedTurnover":910.07187,"time":1535507905522},{"symbol":"SLB/USDT","price":0.08005000,"amount":5.00000,"buyTurnover":0.40025,"sellTurnover":0.40025,"direction":"SELL","buyOrderId":"E217684028641185792","sellOrderId":"E219395254152794114","unfinishedOrderId":"E217684028641185792","unfinishedTradedAmount":11358.79295000,"unfinishedTradedTurnover":909.27137,"time":1535507905521},{"symbol":"SLB/USDT","price":0.08005000,"amount":5.00000,"buyTurnover":0.40025,"sellTurnover":0.40025,"direction":"SELL","buyOrderId":"E217684028641185792","sellOrderId":"E219395254152794112","unfinishedOrderId":"E217684028641185792","unfinishedTradedAmount":11338.79295000,"unfinishedTradedTurnover":907.67037,"time":1535507905517},{"symbol":"SLB/USDT","price":0.08005000,"amount":5.00000,"buyTurnover":0.40025,"sellTurnover":0.40025,"direction":"SELL","buyOrderId":"E217684028641185792","sellOrderId":"E219395253909524482","unfinishedOrderId":"E217684028641185792","unfinishedTradedAmount":11333.79295000,"unfinishedTradedTurnover":907.27012,"time":1535507905517},{"symbol":"SLB/USDT","price":0.08005000,"amount":5.00000,"buyTurnover":0.40025,"sellTurnover":0.40025,"direction":"SELL","buyOrderId":"E217684028641185792","sellOrderId":"E219395207373721603","unfinishedOrderId":"E217684028641185792","unfinishedTradedAmount":8133.79295000,"unfinishedTradedTurnover":651.11012,"time":1535507893975},{"symbol":"SLB/USDT","price":0.08005000,"amount":5.00000,"buyTurnover":0.40025,"sellTurnover":0.40025,"direction":"SELL","buyOrderId":"E217684028641185792","sellOrderId":"E219395253888552960","unfinishedOrderId":"E217684028641185792","unfinishedTradedAmount":11328.79295000,"unfinishedTradedTurnover":906.86987,"time":1535507905515},{"symbol":"SLB/USDT","price":0.08006,"amount":5.00000,"buyTurnover":0.40030,"sellTurnover":0.40030,"direction":"BUY","buyOrderId":"E219395256027648000","sellOrderId":"E219395256023453699","unfinishedOrderId":null,"unfinishedTradedAmount":null,"unfinishedTradedTurnover":null,"time":1535507905894},{"symbol":"SLB/USDT","price":0.08005000,"amount":5.00000,"buyTurnover":0.40025,"sellTurnover":0.40025,"direction":"SELL","buyOrderId":"E217684028641185792","sellOrderId":"E219395256220585986","unfinishedOrderId":"E217684028641185792","unfinishedTradedAmount":11418.79295000,"unfinishedTradedTurnover":914.07437,"time":1535507905892},{"symbol":"SLB/USDT","price":0.08007,"amount":5.00000,"buyTurnover":0.40035,"sellTurnover":0.40035,"direction":"BUY","buyOrderId":"E219395256224780288","sellOrderId":"E219395255729852416","unfinishedOrderId":null,"unfinishedTradedAmount":null,"unfinishedTradedTurnover":null,"time":1535507905851}]
[INFO][send][2018-08-29 11:49:48,400]请求接口：market/history--请求参数：{'symbol': 'SLB/USDT', 'from': '1532275200000', 'to': '1535514588401', 'resolution': '15'}
[INFO][send][2018-08-29 11:49:48,509]响应时长：107.0--响应状态:200--响应结果：[[1532275200000,0E-8,0E-8,0E-8,0E-8,0],[1532276100000,0E-8,0E-8,0E-8,0E-8,0],[1532277000000,0E-8,0E-8,0E-8,0E-8,0],[1532277900000,0E-8,0E-8,0E-8,0E-8,0],[1532278800000,0E-8,0E-8,0E-8,0E-8,0],[1532279700000,0E-8,0E-8,0E-8,0E-8,0],[1532280600000,0E-8,0E-8,0E-8,0E-8,0],[1532281500000,0E-8,0E-8,0E-8,0E-8,0],[1532282400000,0E-8,0E-8,0E-8,0E-8,0],[1532283300000,0E-8,0E-8,0E-8,0E-8,0],[1532284200000,0E-8,0E-8,0E-8,0E-8,0],[1532285100000,0E-8,0E-8,0E-8,0E-8,0],[1532286000000,0E-8,0E-8,0E-8,0E-8,0],[1532286900000,0E-8,0E-8,0E-8,0E-8,0],[1532287800000,0E-8,0E-8,0E-8,0E-8,0],[1532288700000,0E-8,0E-8,0E-8,0E-8,0],[1532289600000,0E-8,0E-8,0E-8,0E-8,0],[1532290500000,0E-8,0E-8,0E-8,0E-8,0],[1532291400000,0E-8,0E-8,0E-8,0E-8,0],[1532292300000,0E-8,0E-8,0E-8,0E-8,0],[1532293200000,0E-8,0E-8,0E-8,0E-8,0],[1532294100000,0E-8,0E-8,0E-8,0E-8,0],[1532295000000,0E-8,0E-8,0E-8,0E-8,0],[1532295900000,0E-8,0E-8,0E-8,0E-8,0],[1532296800000,0E-8,0E-8,0E-8,0E-8,0],[1532297700000,0E-8,0E-8,0E-8,0E-8,0],[1532298600000,0E-8,0E-8,0E-8,0E-8,0],[1532299500000,0E-8,0E-8,0E-8,0E-8,0],[1532300400000,0E-8,0E-8,0E-8,0E-8,0],[1532301300000,0E-8,0E-8,0E-8,0E-8,0],[1532302200000,0E-8,0E-8,0E-8,0E-8,0],[1532303100000,0E-8,0E-8,0E-8,0E-8,0],[1532304000000,0E-8,0E-8,0E-8,0E-8,0],[1532304900000,0E-8,0E-8,0E-8,0E-8,0],[1532305800000,0E-8,0E-8,0E-8,0E-8,0],[1532306700000,0E-8,0E-8,0E-8,0E-8,0],[1532307600000,0E-8,0E-8,0E-8,0E-8,0],[1532308500000,0E-8,0E-8,0E-8,0E-8,0],[1532309400000,0E-8,0E-8,0E-8,0E-8,0],[1532310300000,0E-8,0E-8,0E-8,0E-8,0],[1532311200000,0E-8,0E-8,0E-8,0E-8,0],[1532312100000,0E-8,0E-8,0E-8,0E-8,0],[1532313000000,0E-8,0E-8,0E-8,0E-8,0],[1532313900000,0E-8,0E-8,0E-8,0E-8,0],[1532314800000,0E-8,0E-8,0E-8,0E-8,0],[1532315700000,0E-8,0E-8,0E-8,0E-8,0],[1532316600000,0E-8,0E-8,0E-8,0E-8,0],[1532317500000,0E-8,0E-8,0E-8,0E-8,0],[1532318400000,0E-8,0E-8,0E-8,0E-8,0],[1532319300000,0E-8,0E-8,0E-8,0E-8,0],[1532320200000,0E-8,0E-8,0E-8,0E-8,0],[1532321100000,0E-8,0E-8,0E-8,0E-8,0],[1532322000000,0E-8,0E-8,0E-8,0E-8,0],[1532322900000,0E-8,0E-8,0E-8,0E-8,0],[1532323800000,0E-8,0E-8,0E-8,0E-8,0],[1532324700000,1.20000,1.60000,1.20000,1.60000,934.00000],[1532325600000,1.50000,3.00000,1.00000,1.30000,932.60000],[1532327400000,0E-8,0E-8,0E-8,0E-8,0],[1532328300000,2.34000,2.34000,1.34100,1.34100,1557.00000],[1532329200000,1.34100,3.34100,1.34100,3.34100,367.00000],[1532330100000,3.34100,3.34100,3.34100,3.34100,0],[1532331000000,3.34100,3.34100,3.34100,3.34100,0],[1532331900000,3.34100,3.34100,3.34100,3.34100,0],[1532332800000,1.32000000,2.32000000,1.00000,1.72000,1000.00000000],[1532333700000,1.00000,1.72000,1.00000,1.72000,6.00000],[1532334600000,1.72000,2.00000,1.00000,1.10000,236.00000],[1532335500000,2.55500,4.00000,2.55500,4.00000,1000.00000],[1532336400000,4.00000,4.00000,4.00000,4.00000,0],[1532337300000,4.00000,4.00000,4.00000,4.00000,0],[1532338200000,4.00000,4.00000,4.00000,4.00000,0],[1532339100000,4.00000,4.00000,4.00000,4.00000,0],[1532340000000,4.00000,4.00000,4.00000,4.00000,0],[1532340900000,4.00000,4.00000,4.00000,4.00000,0],[1532341800000,4.00000,4.00000,4.00000,4.00000,0],[1532342700000,4.00000,4.00000,4.00000,4.00000,0],[1532343600000,4.00000,4.00000,4.00000,4.00000,0],[1532344500000,4.00000,4.00000,4.00000,4.00000,0],[1532345400000,4.00000,4.00000,4.00000,4.00000,0],[1532346300000,4.00000,4.00000,4.00000,4.00000,0],[1532347200000,4.00000,4.00000,4.00000,4.00000,0],[1532348100000,4.00000,4.00000,4.00000,4.00000,0],[1532349000000,4.00000,4.00000,4.00000,4.00000,0],[1532349900000,4.00000,4.00000,4.00000,4.00000,0],[1532350800000,4.00000,4.00000,4.00000,4.00000,0],[1532351700000,4.00000,4.00000,4.00000,4.00000,0],[1532352600000,4.00000,4.00000,4.00000,4.00000,0],[1532353500000,4.00000,4.00000,4.00000,4.00000,0],[1532354400000,4.00000,4.00000,4.00000,4.00000,0],[1532355300000,4.00000,4.00000,4.00000,4.00000,0],[1532356200000,4.00000,4.00000,4.00000,4.00000,0],[1532357100000,4.00000,4.00000,4.00000,4.00000,0],[1532358000000,4.00000,4.00000,4.00000,4.00000,0],[1532358900000,4.00000,4.00000,4.00000,4.00000,0],[1532359800000,4.00000,4.00000,4.00000,4.00000,0],[1532360700000,4.00000,4.00000,4.00000,4.00000,0],[1532361600000,4.00000,4.00000,4.00000,4.00000,0],[1532362500000,4.00000,4.00000,4.00000,4.00000,0],[1532363400000,4.00000,4.00000,4.00000,4.00000,0],[1532364300000,4.00000,4.00000,4.00000,4.00000,0],[1532365200000,4.00000,4.00000,4.00000,4.00000,0],[1532366100000,4.00000,4.00000,4.00000,4.00000,0],[1532367000000,4.00000,4.00000,4.00000,4.00000,0],[1532367900000,4.00000,4.00000,4.00000,4.00000,0],[1532368800000,4.00000,4.00000,4.00000,4.00000,0],[1532369700000,4.00000,4.00000,4.00000,4.00000,0],[1532370600000,4.00000,4.00000,4.00000,4.00000,0],[1532371500000,4.00000,4.00000,4.00000,4.00000,0],[1532372400000,4.00000,4.00000,4.00000,4.00000,0],[1532373300000,4.00000,4.00000,4.00000,4.00000,0],[1532374200000,4.00000,4.00000,4.00000,4.00000,0],[1532375100000,4.00000,4.00000,4.00000,4.00000,0],[1532376000000,4.00000,4.00000,4.00000,4.00000,0],[1532376900000,4.00000,4.00000,4.00000,4.00000,0],[1532377800000,4.00000,4.00000,4.00000,4.00000,0],[1532378700000,4.00000,4.00000,4.00000,4.00000,0],[1532379600000,4.00000,4.00000,4.00000,4.00000,0],[1532380500000,4.00000,4.00000,4.00000,4.00000,0],[1532381400000,4.00000,4.00000,4.00000,4.00000,0],[1532382300000,4.00000,4.00000,4.00000,4.00000,0],[1532383200000,4.00000,4.00000,4.00000,4.00000,0],[1532384100000,4.00000,4.00000,4.00000,4.00000,0],[1532385000000,4.00000,4.00000,4.00000,4.00000,0],[1532385900000,4.00000,4.00000,4.00000,4.00000,0],[1532386800000,4.00000,4.00000,4.00000,4.00000,0],[1532387700000,4.00000,4.00000,4.00000,4.00000,0],[1532388600000,4.00000,4.00000,4.00000,4.00000,0],[1532389500000,4.00000,4.00000,4.00000,4.00000,0],[1532390400000,4.00000,4.00000,4.00000,4.00000,0],[1532391300000,4.00000,4.00000,4.00000,4.00000,0],[1532392200000,4.00000,4.00000,4.00000,4.00000,0],[1532393100000,4.00000,4.00000,4.00000,4.00000,0],[1532394000000,4.00000,4.00000,4.00000,4.00000,0],[1532394900000,4.00000,4.00000,4.00000,4.00000,0],[1532395800000,3.00000,3.00000,3.00000,3.00000,10.00000],[1532396700000,3.00000,3.00000,3.00000,3.00000,0],[1532397600000,1.20000,1.20000,1.00000,1.00000,104.00000],[1532398500000,1.00000,1.00000,1.00000,1.00000,0],[1532399400000,1.00000,1.00000,1.00000,1.00000,0],[1532400300000,1.00000,1.00000,1.00000,1.00000,0],[1532401200000,1.00000,1.00000,1.00000,1.00000,0],[1532402100000,1.00000,1.00000,1.00000,1.00000,0],[1532403000000,1.00000,1.00000,1.00000,1.00000,0],[1532403900000,1.00000,1.00000,1.00000,1.00000,0],[1532404800000,1.00000,1.00000,1.00000,1.00000,0],[1532405700000,1.00000,1.00000,1.00000,1.00000,0],[1532406600000,1.00000,1.00000,1.00000,1.00000,0],[1532407500000,1.00000,1.00000,1.00000,1.00000,0],[1532408400000,1.00000,1.00000,1.00000,1.00000,0],[1532409300000,1.00000,1.00000,1.00000,1.00000,0],[1532410200000,1.50000,3.40000,1.10000,2.50000,518.00000],[1532411100000,2.60000,2.80000,1.80000,2.80000,907.00000],[1532412000000,1.10000,2.35000,1.10000,2.35000,1412.00000],[1532412900000,2.35000,2.35000,2.35000,2.35000,0],[1532413800000,2.37000,2.37000,2.37000,2.37000,667.00000],[1532414700000,2.37000,2.37000,2.37000,2.37000,333.00000],[1532415600000,2.37000,2.37000,1.37000,1.37000,1119.00000],[1532416500000,3.00000,3.00000,1.00000,2.60000,505.00000],[1532418300000,1.00000,1.00000,1.00000,1.00000,2.00000],[1532419200000,0E-8,0E-8,0E-8,0E-8,0],[1532420100000,0E-8,0E-8,0E-8,0E-8,0],[1532421000000,0E-8,0E-8,0E-8,0E-8,0],[1532421900000,0E-8,0E-8,0E-8,0E-8,0],[1532422800000,0E-8,0E-8,0E-8,0E-8,0],[1532423700000,0E-8,0E-8,0E-8,0E-8,0],[1532424600000,0E-8,0E-8,0E-8,0E-8,0],[1532425500000,0E-8,0E-8,0E-8,0E-8,0],[1532426400000,0E-8,0E-8,0E-8,0E-8,0],[1532427300000,0E-8,0E-8,0E-8,0E-8,0],[1532428200000,0E-8,0E-8,0E-8,0E-8,0],[1532429100000,0E-8,0E-8,0E-8,0E-8,0],[1532430000000,0E-8,0E-8,0E-8,0E-8,0],[1532430900000,0E-8,0E-8,0E-8,0E-8,0],[1532431800000,0E-8,0E-8,0E-8,0E-8,0],[1532432700000,0E-8,0E-8,0E-8,0E-8,0],[1532433600000,0E-8,0E-8,0E-8,0E-8,0],[1532434500000,0E-8,0E-8,0E-8,0E-8,0],[1532435400000,0E-8,0E-8,0E-8,0E-8,0],[1532436300000,0E-8,0E-8,0E-8,0E-8,0],[1532437200000,0E-8,0E-8,0E-8,0E-8,0],[1532438100000,0E-8,0E-8,0E-8,0E-8,0],[1532439000000,0E-8,0E-8,0E-8,0E-8,0],[1532439900000,0E-8,0E-8,0E-8,0E-8,0],[1532440800000,0E-8,0E-8,0E-8,0E-8,0],[1532441700000,0E-8,0E-8,0E-8,0E-8,0],[1532442600000,0E-8,0E-8,0E-8,0E-8,0],[1532443500000,0E-8,0E-8,0E-8,0E-8,0],[1532444400000,0E-8,0E-8,0E-8,0E-8,0],[1532445300000,0E-8,0E-8,0E-8,0E-8,0],[1532446200000,0E-8,0E-8,0E-8,0E-8,0],[1532447100000,0E-8,0E-8,0E-8,0E-8,0],[1532448000000,0E-8,0E-8,0E-8,0E-8,0],[1532448900000,0E-8,0E-8,0E-8,0E-8,0],[1532449800000,0E-8,0E-8,0E-8,0E-8,0],[1532450700000,0E-8,0E-8,0E-8,0E-8,0],[1532451600000,0E-8,0E-8,0E-8,0E-8,0],[1532452500000,0E-8,0E-8,0E-8,0E-8,0],[1532453400000,0E-8,0E-8,0E-8,0E-8,0],[1532454300000,0E-8,0E-8,0E-8,0E-8,0],[1532455200000,0E-8,0E-8,0E-8,0E-8,0],[1532456100000,0E-8,0E-8,0E-8,0E-8,0],[1532457000000,0E-8,0E-8,0E-8,0E-8,0],[1532457900000,0E-8,0E-8,0E-8,0E-8,0],[1532458800000,0E-8,0E-8,0E-8,0E-8,0],[1532459700000,0E-8,0E-8,0E-8,0E-8,0],[1532460600000,0E-8,0E-8,0E-8,0E-8,0],[1532461500000,0E-8,0E-8,0E-8,0E-8,0],[1532462400000,0E-8,0E-8,0E-8,0E-8,0],[1532463300000,0E-8,0E-8,0E-8,0E-8,0],[1532464200000,0E-8,0E-8,0E-8,0E-8,0],[1532465100000,0E-8,0E-8,0E-8,0E-8,0],[1532466000000,0E-8,0E-8,0E-8,0E-8,0],[1532466900000,0E-8,0E-8,0E-8,0E-8,0],[1532467800000,0E-8,0E-8,0E-8,0E-8,0],[1532468700000,0E-8,0E-8,0E-8,0E-8,0],[1532469600000,0E-8,0E-8,0E-8,0E-8,0],[1532470500000,0E-8,0E-8,0E-8,0E-8,0],[1532471400000,0E-8,0E-8,0E-8,0E-8,0],[1532472300000,0E-8,0E-8,0E-8,0E-8,0],[1532473200000,0E-8,0E-8,0E-8,0E-8,0],[1532474100000,0E-8,0E-8,0E-8,0E-8,0],[1532475000000,0E-8,0E-8,0E-8,0E-8,0],[1532475900000,0E-8,0E-8,0E-8,0E-8,0],[1532476800000,0E-8,0E-8,0E-8,0E-8,0],[1532477700000,0E-8,0E-8,0E-8,0E-8,0],[1532478600000,0E-8,0E-8,0E-8,0E-8,0],[1532479500000,0E-8,0E-8,0E-8,0E-8,0],[1532480400000,0E-8,0E-8,0E-8,0E-8,0],[1532481300000,10.00000,10.00000,10.00000,10.00000,40.00000],[1532482200000,1.00000,1.00000,1.00000,1.00000,10.00000],[1532483100000,1.00000,1.00000,1.00000,1.00000,0],[1532484000000,1.00000,10.00000,1.00000,10.00000,61.00000],[1532484900000,10.00000,10.00000,10.00000,10.00000,0],[1532485800000,5.00000,5.00000,5.00000,5.00000,10.00000],[1532486700000,5.00000,5.00000,5.00000,5.00000,0],[1532487600000,5.00000,5.00000,5.00000,5.00000,0],[1532488500000,5.00000,5.00000,5.00000,5.00000,0],[1532489400000,5.00000,5.00000,5.00000,5.00000,0],[1532490300000,5.00000,5.00000,5.00000,5.00000,0],[1532491200000,5.00000,5.00000,5.00000,5.00000,0],[1532492100000,5.00000,5.00000,5.00000,5.00000,0],[1532493000000,5.00000,5.00000,5.00000,5.00000,0],[1532493900000,5.00000,5.00000,5.00000,5.00000,0],[1532494800000,5.00000,5.00000,5.00000,5.00000,0],[1532495700000,5.00000,5.00000,5.00000,5.00000,0],[1532496600000,5.00000,5.00000,5.00000,5.00000,0],[1532497500000,5.00000,5.00000,5.00000,5.00000,0],[1532498400000,5.00000,5.00000,5.00000,5.00000,0],[1532499300000,5.00000,5.00000,5.00000,5.00000,0],[1532500200000,5.00000,5.00000,5.00000,5.00000,0],[1532501100000,5.00000,5.00000,5.00000,5.00000,0],[1532502000000,1.10000,1.10000,1.10000,1.10000,300.00000],[1532502900000,1.10000,1.10000,1.10000,1.10000,100.00000],[1532503800000,1.10000,1.10000,1.10000,1.10000,0],[1532504700000,1.10000,1.10000,1.10000,1.10000,0],[1532505600000,1.10000,1.10000,1.10000,1.10000,0],[1532506500000,1.10000,1.10000,1.10000,1.10000,0],[1532507400000,1.10000,1.10000,1.10000,1.10000,0],[1532508300000,1.00000,2.00000,1.00000,2.00000,41.00000],[1532509200000,2.00000,2.00000,2.00000,2.00000,0],[1532510100000,2.00000,2.00000,2.00000,2.00000,0],[1532511000000,1.10000,1.10000,1.10000,1.10000,100.00000],[1532511900000,1.10000,1.10000,1.10000,1.10000,0],[1532512800000,1.10000,1.10000,1.10000,1.10000,0],[1532513700000,1.10000,1.10000,1.10000,1.10000,0],[1532514600000,1.10000,1.10000,1.10000,1.10000,0],[1532515500000,1.10000,1.10000,1.10000,1.10000,0],[1532516400000,1.10000,1.10000,1.10000,1.10000,0],[1532517300000,1.00000,1.00000,1.00000,1.00000,1000.00000],[1532518200000,2.00000,2.00000,2.00000,2.00000,1000.00000],[1532519100000,2.00000,2.00000,1.00000,1.00000,5100.00000],[1532520000000,1.00000,1.00000,1.00000,1.00000,3000.00000],[1532520900000,1.00000,1.00000,1.00000,1.00000,2000.00000],[1532521800000,1.00000,1.00000,1.00000,1.00000,0],[1532522700000,1.00000,1.00000,1.00000,1.00000,0],[1532523600000,1.00000,1.00000,1.00000,1.00000,0],[1532524500000,1.00000,1.00000,1.00000,1.00000,0],[1532525400000,1.00000,1.00000,1.00000,1.00000,0],[1532526300000,1.00000,1.00000,1.00000,1.00000,0],[1532527200000,1.00000,1.00000,1.00000,1.00000,0],[1532528100000,1.00000,1.00000,1.00000,1.00000,0],[1532529000000,1.00000,1.00000,1.00000,1.00000,0],[1532529900000,1.00000,1.00000,1.00000,1.00000,0],[1532530800000,1.00000,1.00000,1.00000,1.00000,0],[1532531700000,1.00000,1.00000,1.00000,1.00000,0],[1532532600000,1.00000,1.00000,1.00000,1.00000,0],[1532533500000,1.00000,1.00000,1.00000,1.00000,0],[1532534400000,1.00000,1.00000,1.00000,1.00000,0],[1532535300000,1.00000,1.00000,1.00000,1.00000,0],[1532536200000,1.00000,1.00000,1.00000,1.00000,0],[1532537100000,1.00000,1.00000,1.00000,1.00000,0],[1532538000000,1.00000,1.00000,1.00000,1.00000,0],[1532538900000,1.00000,1.00000,1.00000,1.00000,0],[1532539800000,1.00000,1.00000,1.00000,1.00000,0],[1532540700000,1.00000,1.00000,1.00000,1.00000,0],[1532541600000,1.00000,1.00000,1.00000,1.00000,0],[1532542500000,1.00000,1.00000,1.00000,1.00000,0],[1532543400000,1.00000,1.00000,1.00000,1.00000,0],[1532544300000,1.00000,1.00000,1.00000,1.00000,0],[1532545200000,1.00000,1.00000,1.00000,1.00000,0],[1532546100000,1.00000,1.00000,1.00000,1.00000,0],[1532547000000,1.00000,1.00000,1.00000,1.00000,0],[1532547900000,1.00000,1.00000,1.00000,1.00000,0],[1532548800000,1.00000,1.00000,1.00000,1.00000,0],[1532549700000,1.00000,1.00000,1.00000,1.00000,0],[1532550600000,1.00000,1.00000,1.00000,1.00000,0],[1532551500000,1.00000,1.00000,1.00000,1.00000,0],[1532552400000,1.00000,1.00000,1.00000,1.00000,0],[1532553300000,1.00000,1.00000,1.00000,1.00000,0],[1532554200000,1.00000,1.00000,1.00000,1.00000,0],[1532555100000,1.00000,1.00000,1.00000,1.00000,0],[1532556000000,1.00000,1.00000,1.00000,1.00000,0],[1532556900000,1.00000,1.00000,1.00000,1.00000,0],[1532557800000,1.00000,1.00000,1.00000,1.00000,0],[1532558700000,1.00000,1.00000,1.00000,1.00000,0],[1532559600000,1.00000,1.00000,1.00000,1.00000,0],[1532560500000,1.00000,1.00000,1.00000,1.00000,0],[1532561400000,1.00000,1.00000,1.00000,1.00000,0],[1532562300000,1.00000,1.00000,1.00000,1.00000,0],[1532563200000,1.00000,1.00000,1.00000,1.00000,0],[1532564100000,1.00000,1.00000,1.00000,1.00000,0],[1532565000000,1.00000,1.00000,1.00000,1.00000,0],[1532565900000,1.00000,1.00000,1.00000,1.00000,0],[1532566800000,1.00000,1.00000,1.00000,1.00000,0],[1532567700000,1.00000,1.00000,1.00000,1.00000,0],[1532568600000,1.00000,1.00000,1.00000,1.00000,0],[1532569500000,1.00000,1.00000,1.00000,1.00000,0],[1532570400000,1.10000,1.10000,1.10000,1.10000,100.00000],[1532571300000,1.10000,1.10000,1.10000,1.10000,0],[1532572200000,1.10000,1.10000,1.10000,1.10000,0],[1532573100000,1.10000,1.10000,1.10000,1.10000,0],[1532574000000,1.10000,1.10000,1.10000,1.10000,0],[1532574900000,1.10000,1.10000,1.10000,1.10000,0],[1532575800000,1.10000,1.10000,1.10000,1.10000,0],[1532576700000,1.10000,1.10000,1.10000,1.10000,0],[1532577600000,1.10000,1.10000,1.10000,1.10000,0],[1532578500000,1.10000,1.10000,1.10000,1.10000,0],[1532579400000,1.10000,1.10000,1.10000,1.10000,0],[1532580300000,1.10000,1.10000,1.10000,1.10000,0],[1532581200000,1.10000,1.10000,1.10000,1.10000,0],[1532582100000,1.10000,1.10000,1.10000,1.10000,0],[1532583000000,1.10000,1.10000,1.10000,1.10000,0],[1532583900000,1.10000,1.10000,1.10000,1.10000,0],[1532584800000,1.10000,1.10000,1.10000,1.10000,0],[1532585700000,1.10000,1.10000,1.10000,1.10000,0],[1532586600000,1.00000,2.00000,1.00000,2.00000,21.00000],[1532587500000,1.00000,1.20000,1.00000,1.20000,21.00000],[1532588400000,1.00000,490.00000,1.00000,439.00000,345267.00000],[1532589300000,439.00000,439.00000,439.00000,439.00000,0],[1532590200000,439.00000,439.00000,439.00000,439.00000,0],[1532591100000,439.00000,439.00000,439.00000,439.00000,0],[1532592000000,439.00000,439.00000,439.00000,439.00000,0],[1532592900000,439.00000,439.00000,439.00000,439.00000,0],[1532593800000,439.00000,439.00000,439.00000,439.00000,0],[1532594700000,439.00000,439.00000,439.00000,439.00000,0],[1532595600000,439.00000,439.00000,439.00000,439.00000,0],[1532596500000,2.00000,3.00000,2.00000,3.00000,55.00000],[1532597400000,3.00000,3.00000,3.00000,3.00000,0],[1532599200000,3.00000,3.00000,3.00000,3.00000,0],[1532600100000,3.00000,3.00000,3.00000,3.00000,0],[1532601000000,3.00000,3.00000,3.00000,3.00000,0],[1532601900000,3.00000,3.00000,3.00000,3.00000,0],[1532602800000,3.00000,3.00000,3.00000,3.00000,0],[1532603700000,3.00000,3.00000,3.00000,3.00000,0],[1532604600000,3.00000,3.00000,3.00000,3.00000,0],[1532605500000,3.00000,3.00000,3.00000,3.00000,0],[1532606400000,3.00000,3.00000,3.00000,3.00000,0],[1532607300000,3.00000,3.00000,3.00000,3.00000,0],[1532608200000,3.00000,3.00000,3.00000,3.00000,0],[1532609100000,3.00000,3.00000,3.00000,3.00000,0],[1532610000000,3.00000,3.00000,3.00000,3.00000,0],[1532610900000,3.00000,3.00000,3.00000,3.00000,0],[1532611800000,3.00000,3.00000,3.00000,3.00000,0],[1532612700000,3.00000,3.00000,3.00000,3.00000,0],[1532613600000,3.00000,3.00000,3.00000,3.00000,0],[1532614500000,3.00000,3.00000,3.00000,3.00000,0],[1532615400000,3.00000,3.00000,3.00000,3.00000,0],[1532616300000,3.00000,3.00000,3.00000,3.00000,0],[1532617200000,3.00000,3.00000,3.00000,3.00000,0],[1532618100000,3.00000,3.00000,3.00000,3.00000,0],[1532619000000,3.00000,3.00000,3.00000,3.00000,0],[1532619900000,3.00000,3.00000,3.00000,3.00000,0],[1532620800000,3.00000,3.00000,3.00000,3.00000,0],[1532621700000,3.00000,3.00000,3.00000,3.00000,0],[1532622600000,3.00000,3.00000,3.00000,3.00000,0],[1532623500000,3.00000,3.00000,3.00000,3.00000,0],[1532624400000,3.00000,3.00000,3.00000,3.00000,0],[1532625300000,3.00000,3.00000,3.00000,3.00000,0],[1532626200000,3.00000,3.00000,3.00000,3.00000,0],[1532627100000,3.00000,3.00000,3.00000,3.00000,0],[1532628000000,3.00000,3.00000,3.00000,3.00000,0],[1532628900000,3.00000,3.00000,3.00000,3.00000,0],[1532629800000,3.00000,3.00000,3.00000,3.00000,0],[1532630700000,3.00000,3.00000,3.00000,3.00000,0],[1532631600000,3.00000,3.00000,3.00000,3.00000,0],[1532632500000,3.00000,3.00000,3.00000,3.00000,0],[1532633400000,3.00000,3.00000,3.00000,3.00000,0],[1532634300000,3.00000,3.00000,3.00000,3.00000,0],[1532635200000,3.00000,3.00000,3.00000,3.00000,0],[1532636100000,3.00000,3.00000,3.00000,3.00000,0],[1532637000000,3.00000,3.00000,3.00000,3.00000,0],[1532637900000,3.00000,3.00000,3.00000,3.00000,0],[1532638800000,3.00000,3.00000,3.00000,3.00000,0],[1532639700000,3.00000,3.00000,3.00000,3.00000,0],[1532640600000,3.00000,3.00000,3.00000,3.00000,0],[1532641500000,3.00000,3.00000,3.00000,3.00000,0],[1532642400000,3.00000,3.00000,3.00000,3.00000,0],[1532643300000,3.00000,3.00000,3.00000,3.00000,0],[1532644200000,3.00000,3.00000,3.00000,3.00000,0],[1532645100000,3.00000,3.00000,3.00000,3.00000,0],[1532646000000,3.00000,3.00000,3.00000,3.00000,0],[1532646900000,3.00000,3.00000,3.00000,3.00000,0],[1532647800000,3.00000,3.00000,3.00000,3.00000,0],[1532648700000,3.00000,3.00000,3.00000,3.00000,0],[1532649600000,3.00000,3.00000,3.00000,3.00000,0],[1532650500000,3.00000,3.00000,3.00000,3.00000,0],[1532651400000,3.00000,3.00000,3.00000,3.00000,0],[1532652300000,3.00000,3.00000,3.00000,3.00000,0],[1532653200000,3.00000,3.00000,3.00000,3.00000,0],[1532654100000,3.00000,3.00000,3.00000,3.00000,0],[1532655000000,3.00000,3.00000,3.00000,3.00000,0],[1532655900000,2.00000,6.00000,2.00000,6.00000,8.00000],[1532656800000,1.00000,2.00000,1.00000,2.00000,33.00000],[1532657700000,2.00000,2.00000,2.00000,2.00000,0],[1532658600000,2.00000,2.00000,2.00000,2.00000,0],[1532659500000,2.00000,2.00000,2.00000,2.00000,0],[1532660400000,2.00000,2.00000,2.00000,2.00000,0],[1532661300000,2.00000,2.00000,2.00000,2.00000,0],[1532662200000,2.00000,2.00000,2.00000,2.00000,0],[1532663100000,2.00000,2.00000,2.00000,2.00000,0],[1532664000000,2.00000,2.00000,2.00000,2.00000,0],[1532664900000,2.00000,2.00000,2.00000,2.00000,0],[1532665800000,2.00000,2.00000,2.00000,2.00000,0],[1532666700000,2.00000,2.00000,2.00000,2.00000,0],[1532667600000,2.00000,2.00000,2.00000,2.00000,0],[1532668500000,2.00000,2.00000,2.00000,2.00000,0],[1532669400000,2.00000,2.00000,2.00000,2.00000,0],[1532670300000,2.00000,2.00000,2.00000,2.00000,0],[1532671200000,2.00000,2.00000,2.00000,2.00000,0],[1532672100000,2.00000,2.00000,2.00000,2.00000,0],[1532673000000,2.00000,2.00000,2.00000,2.00000,0],[1532673900000,2.00000,2.00000,2.00000,2.00000,0],[1532674800000,2.00000,2.00000,2.00000,2.00000,0],[1532675700000,2.00000,2.00000,2.00000,2.00000,0],[1532676600000,2.00000,2.00000,2.00000,2.00000,0],[1532677500000,2.00000,2.00000,2.00000,2.00000,0],[1532678400000,2.00000,2.00000,2.00000,2.00000,0],[1532679300000,2.00000,2.00000,2.00000,2.00000,0],[1532680200000,2.00000,2.00000,2.00000,2.00000,0],[1532681100000,2.00000,2.00000,2.00000,2.00000,0],[1532682000000,2.00000,2.00000,2.00000,2.00000,0],[1532682900000,2.00000,2.00000,2.00000,2.00000,0],[1532683800000,2.00000,2.00000,2.00000,2.00000,0],[1532684700000,2.10000,2.10000,2.10000,2.10000,1000.00000],[1532685600000,2.10000,2.10000,2.10000,2.10000,700.00000],[1532686500000,2.10000,2.10000,2.10000,2.10000,300.00000],[1532687400000,2.10000,2.10000,2.10000,2.10000,0],[1532688300000,2.10000,2.10000,2.10000,2.10000,0],[1532689200000,2.10000,2.10000,2.10000,2.10000,0],[1532690100000,2.10000,2.10000,2.10000,2.10000,0],[1532691000000,2.10000,2.10000,2.10000,2.10000,0],[1532691900000,2.10000,2.10000,2.10000,2.10000,0],[1532692800000,2.10000,2.10000,2.10000,2.10000,0],[1532693700000,2.10000,2.10000,2.10000,2.10000,0],[1532694600000,2.10000,2.10000,2.10000,2.10000,0],[1532695500000,2.10000,2.10000,2.10000,2.10000,0],[1532696400000,2.10000,2.10000,2.10000,2.10000,0],[1532697300000,2.10000,2.10000,2.10000,2.10000,0],[1532698200000,2.10000,2.10000,2.10000,2.10000,0],[1532699100000,2.10000,2.10000,2.10000,2.10000,0],[1532700000000,2.10000,2.10000,2.10000,2.10000,0],[1532700900000,2.10000,2.10000,2.10000,2.10000,0],[1532701800000,2.10000,2.10000,2.10000,2.10000,0],[1532702700000,2.10000,2.10000,2.10000,2.10000,0],[1532703600000,2.10000,2.10000,2.10000,2.10000,0],[1532704500000,2.10000,2.10000,2.10000,2.10000,0],[1532705400000,2.10000,2.10000,2.10000,2.10000,0],[1532706300000,2.10000,2.10000,2.10000,2.10000,0],[1532707200000,2.10000,2.10000,2.10000,2.10000,0],[1532708100000,2.10000,2.10000,2.10000,2.10000,0],[1532709000000,2.10000,2.10000,2.10000,2.10000,0],[1532709900000,2.10000,2.10000,2.10000,2.10000,0],[1532710800000,2.10000,2.10000,2.10000,2.10000,0],[1532711700000,2.10000,2.10000,2.10000,2.10000,0],[1532712600000,2.10000,2.10000,2.10000,2.10000,0],[1532713500000,2.10000,2.10000,2.10000,2.10000,0],[1532714400000,2.10000,2.10000,2.10000,2.10000,0],[1532715300000,2.10000,2.10000,2.10000,2.10000,0],[1532716200000,2.10000,2.10000,2.10000,2.10000,0],[1532717100000,2.10000,2.10000,2.10000,2.10000,0],[1532718000000,2.10000,2.10000,2.10000,2.10000,0],[1532718900000,2.10000,2.10000,2.10000,2.10000,0],[1532719800000,2.10000,2.10000,2.10000,2.10000,0],[1532720700000,2.10000,2.10000,2.10000,2.10000,0],[1532721600000,2.10000,2.10000,2.10000,2.10000,0],[1532722500000,2.10000,2.10000,2.10000,2.10000,0],[1532723400000,2.10000,2.10000,2.10000,2.10000,0],[1532724300000,2.10000,2.10000,2.10000,2.10000,0],[1532725200000,2.10000,2.10000,2.10000,2.10000,0],[1532726100000,2.10000,2.10000,2.10000,2.10000,0],[1532727000000,2.10000,2.10000,2.10000,2.10000,0],[1532727900000,2.10000,2.10000,2.10000,2.10000,0],[1532728800000,2.10000,2.10000,2.10000,2.10000,0],[1532729700000,2.10000,2.10000,2.10000,2.10000,0],[1532730600000,2.10000,2.10000,2.10000,2.10000,0],[1532731500000,2.10000,2.10000,2.10000,2.10000,0],[1532732400000,2.10000,2.10000,2.10000,2.10000,0],[1532733300000,2.10000,2.10000,2.10000,2.10000,0],[1532734200000,2.10000,2.10000,2.10000,2.10000,0],[1532735100000,2.10000,2.10000,2.10000,2.10000,0],[1532736000000,2.10000,2.10000,2.10000,2.10000,0],[1532736900000,2.10000,2.10000,2.10000,2.10000,0],[1532737800000,2.10000,2.10000,2.10000,2.10000,0],[1532738700000,2.10000,2.10000,2.10000,2.10000,0],[1532739600000,2.10000,2.10000,2.10000,2.10000,0],[1532740500000,2.10000,2.10000,2.10000,2.10000,0],[1532741400000,2.10000,2.10000,2.10000,2.10000,0],[1532742300000,2.10000,2.10000,2.10000,2.10000,0],[1532743200000,2.10000,2.10000,2.10000,2.10000,0],[1532744100000,2.10000,2.10000,2.10000,2.10000,0],[1532745000000,2.10000,2.10000,2.10000,2.10000,0],[1532745900000,2.10000,2.10000,2.10000,2.10000,0],[1532746800000,2.10000,2.10000,2.10000,2.10000,0],[1532747700000,2.10000,2.10000,2.10000,2.10000,0],[1532748600000,2.10000,2.10000,2.10000,2.10000,0],[1532749500000,2.10000,2.10000,2.10000,2.10000,0],[1532750400000,2.10000,2.10000,2.10000,2.10000,0],[1532751300000,2.10000,2.10000,2.10000,2.10000,0],[1532752200000,2.10000,2.10000,2.10000,2.10000,0],[1532753100000,2.10000,2.10000,2.10000,2.10000,0],[1532754000000,2.10000,2.10000,2.10000,2.10000,0],[1532754900000,2.10000,2.10000,2.10000,2.10000,0],[1532755800000,2.10000,2.10000,2.10000,2.10000,0],[1532757600000,2.10000,2.10000,2.10000,2.10000,0],[1532758500000,0.91200,0.91200,0.09129,0.09129,1266.00000],[1532759400000,0.09129,0.09129,0.09129,0.09129,0],[1532760300000,0.09129,0.09129,0.09129,0.09129,0],[1532761200000,0.09129,0.09129,0.09129,0.09129,0],[1532762100000,0.09129,0.09129,0.09129,0.09129,0],[1532763000000,0.09129,0.09129,0.09129,0.09129,0],[1532763900000,0.09129,0.09129,0.09129,0.09129,0],[1532764800000,0.90000,0.90000,0.90000,0.90000,300.00000],[1532765700000,0.90000,0.90000,0.90000,0.90000,0],[1532766600000,0.90000,0.90000,0.90000,0.90000,0],[1532767500000,0.90000,0.90000,0.90000,0.90000,0],[1532768400000,0.90000,0.90000,0.90000,0.90000,0],[1532769300000,0.90000,0.90000,0.90000,0.90000,0],[1532770200000,0.90000,0.90000,0.90000,0.90000,0],[1532771100000,0.90000,0.90000,0.90000,0.90000,0],[1532772000000,0.90000,0.90000,0.90000,0.90000,0],[1532772900000,0.90000,0.90000,0.90000,0.90000,0],[1532773800000,0.90000,0.90000,0.90000,0.90000,0],[1532774700000,0.90000,0.90000,0.90000,0.90000,0],[1532775600000,0.90000,0.90000,0.90000,0.90000,0],[1532776500000,0.90000,0.90000,0.90000,0.90000,0],[1532777400000,0.90000,0.90000,0.90000,0.90000,0],[1532778300000,0.90000,0.90000,0.90000,0.90000,0],[1532779200000,0.90000,0.90000,0.90000,0.90000,0],[1532780100000,0.90000,0.90000,0.90000,0.90000,0],[1532781000000,0.90000,0.90000,0.90000,0.90000,0],[1532781900000,0.90000,0.90000,0.90000,0.90000,0],[1532782800000,0.90000,0.90000,0.90000,0.90000,0],[1532783700000,0.90000,0.90000,0.90000,0.90000,0],[1532784600000,0.90000,0.90000,0.90000,0.90000,0],[1532785500000,0.90000,0.90000,0.90000,0.90000,0],[1532786400000,0.90000,0.90000,0.90000,0.90000,0],[1532787300000,0.90000,0.90000,0.90000,0.90000,0],[1532788200000,0.90000,0.90000,0.90000,0.90000,0],[1532789100000,0.90000,0.90000,0.90000,0.90000,0],[1532790000000,0.90000,0.90000,0.90000,0.90000,0],[1532790900000,0.90000,0.90000,0.90000,0.90000,0],[1532791800000,0.90000,0.90000,0.90000,0.90000,0],[1532792700000,0.90000,0.90000,0.90000,0.90000,0],[1532793600000,0.90000,0.90000,0.90000,0.90000,0],[1532794500000,0.90000,0.90000,0.90000,0.90000,0],[1532795400000,0.90000,0.90000,0.90000,0.90000,0],[1532796300000,0.90000,0.90000,0.90000,0.90000,0],[1532797200000,0.90000,0.90000,0.90000,0.90000,0],[1532798100000,0.90000,0.90000,0.90000,0.90000,0],[1532799000000,0.90000,0.90000,0.90000,0.90000,0],[1532799900000,0.90000,0.90000,0.90000,0.90000,0],[1532800800000,0.90000,0.90000,0.90000,0.90000,0],[1532801700000,0.90000,0.90000,0.90000,0.90000,0],[1532802600000,0.90000,0.90000,0.90000,0.90000,0],[1532803500000,0.90000,0.90000,0.90000,0.90000,0],[1532804400000,0.90000,0.90000,0.90000,0.90000,0],[1532805300000,0.90000,0.90000,0.90000,0.90000,0],[1532806200000,0.90000,0.90000,0.90000,0.90000,0],[1532807100000,0.90000,0.90000,0.90000,0.90000,0],[1532808000000,0.90000,0.90000,0.90000,0.90000,0],[1532808900000,0.90000,0.90000,0.90000,0.90000,0],[1532809800000,0.90000,0.90000,0.90000,0.90000,0],[1532810700000,0.90000,0.90000,0.90000,0.90000,0],[1532811600000,0.90000,0.90000,0.90000,0.90000,0],[1532812500000,0.90000,0.90000,0.90000,0.90000,0],[1532813400000,0.90000,0.90000,0.90000,0.90000,0],[1532814300000,0.90000,0.90000,0.90000,0.90000,0],[1532815200000,0.90000,0.90000,0.90000,0.90000,0],[1532816100000,0.90000,0.90000,0.90000,0.90000,0],[1532817000000,0.90000,0.90000,0.90000,0.90000,0],[1532817900000,0.90000,0.90000,0.90000,0.90000,0],[1532818800000,0.90000,0.90000,0.90000,0.90000,0],[1532819700000,0.90000,0.90000,0.90000,0.90000,0],[1532820600000,0.90000,0.90000,0.90000,0.90000,0],[1532821500000,0.90000,0.90000,0.90000,0.90000,0],[1532822400000,0.90000,0.90000,0.90000,0.90000,0],[1532823300000,0.90000,0.90000,0.90000,0.90000,0],[1532824200000,0.90000,0.90000,0.90000,0.90000,0],[1532825100000,0.90000,0.90000,0.90000,0.90000,0],[1532826000000,0.90000,0.90000,0.90000,0.90000,0],[1532826900000,0.90000,0.90000,0.90000,0.90000,0],[1532827800000,0.90000,0.90000,0.90000,0.90000,0],[1532828700000,0.90000,0.90000,0.90000,0.90000,0],[1532829600000,0.90000,0.90000,0.90000,0.90000,0],[1532830500000,0.90000,0.90000,0.90000,0.90000,0],[1532831400000,0.90000,0.90000,0.90000,0.90000,0],[1532832300000,0.90000,0.90000,0.90000,0.90000,0],[1532833200000,0.90000,0.90000,0.90000,0.90000,0],[1532834100000,0.90000,0.90000,0.90000,0.90000,0],[1532835000000,0.90000,0.90000,0.90000,0.90000,0],[1532835900000,0.90000,0.90000,0.90000,0.90000,0],[1532836800000,0.90000,0.90000,0.90000,0.90000,0],[1532837700000,0.90000,0.90000,0.90000,0.90000,0],[1532838600000,0.90000,0.90000,0.90000,0.90000,0],[1532839500000,0.90000,0.90000,0.90000,0.90000,0],[1532840400000,0.90000,0.90000,0.90000,0.90000,0],[1532841300000,0.90000,0.90000,0.90000,0.90000,0],[1532842200000,0.90000,0.90000,0.90000,0.90000,0],[1532843100000,0.90000,0.90000,0.90000,0.90000,0],[1532844000000,0.90000,0.90000,0.90000,0.90000,0],[1532844900000,0.90000,0.90000,0.90000,0.90000,0],[1532845800000,0.90000,0.90000,0.90000,0.90000,0],[1532846700000,0.90000,0.90000,0.90000,0.90000,0],[1532847600000,0.90000,0.90000,0.90000,0.90000,0],[1532848500000,0.90000,0.90000,0.90000,0.90000,0],[1532849400000,0.90000,0.90000,0.90000,0.90000,0],[1532850300000,0.90000,0.90000,0.90000,0.90000,0],[1532851200000,0.90000,0.90000,0.90000,0.90000,0],[1532852100000,0.90000,0.90000,0.90000,0.90000,0],[1532853000000,0.90000,0.90000,0.90000,0.90000,0],[1532853900000,0.90000,0.90000,0.90000,0.90000,0],[1532854800000,0.90000,0.90000,0.90000,0.90000,0],[1532855700000,0.90000,0.90000,0.90000,0.90000,0],[1532856600000,0.90000,0.90000,0.90000,0.90000,0],[1532857500000,0.90000,0.90000,0.90000,0.90000,0],[1532858400000,0.90000,0.90000,0.90000,0.90000,0],[1532859300000,0.90000,0.90000,0.90000,0.90000,0],[1532860200000,0.90000,0.90000,0.90000,0.90000,0],[1532861100000,0.90000,0.90000,0.90000,0.90000,0],[1532862000000,0.90000,0.90000,0.90000,0.90000,0],[1532862900000,0.90000,0.90000,0.90000,0.90000,0],[1532863800000,0.90000,0.90000,0.90000,0.90000,0],[1532864700000,0.90000,0.90000,0.90000,0.90000,0],[1532865600000,0.90000,0.90000,0.90000,0.90000,0],[1532866500000,0.90000,0.90000,0.90000,0.90000,0],[1532867400000,0.90000,0.90000,0.90000,0.90000,0],[1532868300000,0.90000,0.90000,0.90000,0.90000,0],[1532869200000,0.90000,0.90000,0.90000,0.90000,0],[1532870100000,0.90000,0.90000,0.90000,0.90000,0],[1532871000000,0.90000,0.90000,0.90000,0.90000,0],[1532871900000,0.90000,0.90000,0.90000,0.90000,0],[1532872800000,0.90000,0.90000,0.90000,0.90000,0],[1532873700000,0.90000,0.90000,0.90000,0.90000,0],[1532874600000,0.90000,0.90000,0.90000,0.90000,0],[1532875500000,0.90000,0.90000,0.90000,0.90000,0],[1532876400000,0.90000,0.90000,0.90000,0.90000,0],[1532877300000,0.90000,0.90000,0.90000,0.90000,0],[1532878200000,0.90000,0.90000,0.90000,0.90000,0],[1532879100000,0.90000,0.90000,0.90000,0.90000,0],[1532880000000,0.90000,0.90000,0.90000,0.90000,0],[1532880900000,0.90000,0.90000,0.90000,0.90000,0],[1532881800000,0.90000,0.90000,0.90000,0.90000,0],[1532882700000,0.90000,0.90000,0.90000,0.90000,0],[1532883600000,0.90000,0.90000,0.90000,0.90000,0],[1532884500000,0.90000,0.90000,0.90000,0.90000,0],[1532885400000,0.90000,0.90000,0.90000,0.90000,0],[1532886300000,0.90000,0.90000,0.90000,0.90000,0],[1532887200000,0.90000,0.90000,0.90000,0.90000,0],[1532888100000,0.90000,0.90000,0.90000,0.90000,0],[1532889000000,0.90000,0.90000,0.90000,0.90000,0],[1532889900000,0.90000,0.90000,0.90000,0.90000,0],[1532890800000,0.90000,0.90000,0.90000,0.90000,0],[1532891700000,0.90000,0.90000,0.90000,0.90000,0],[1532892600000,0.90000,0.90000,0.90000,0.90000,0],[1532893500000,0.90000,0.90000,0.90000,0.90000,0],[1532894400000,0.90000,0.90000,0.90000,0.90000,0],[1532895300000,0.90000,0.90000,0.90000,0.90000,0],[1532896200000,0.90000,0.90000,0.90000,0.90000,0],[1532897100000,0.90000,0.90000,0.90000,0.90000,0],[1532898000000,0.90000,0.90000,0.90000,0.90000,0],[1532898900000,0.90000,0.90000,0.90000,0.90000,0],[1532899800000,0.90000,0.90000,0.90000,0.90000,0],[1532900700000,0.90000,0.90000,0.90000,0.90000,0],[1532901600000,0.90000,0.90000,0.90000,0.90000,0],[1532902500000,0.90000,0.90000,0.90000,0.90000,0],[1532903400000,0.90000,0.90000,0.90000,0.90000,0],[1532904300000,0.90000,0.90000,0.90000,0.90000,0],[1532905200000,0.90000,0.90000,0.90000,0.90000,0],[1532906100000,0.90000,0.90000,0.90000,0.90000,0],[1532907000000,0.90000,0.90000,0.90000,0.90000,0],[1532907900000,0.90000,0.90000,0.90000,0.90000,0],[1532908800000,0.90000,0.90000,0.90000,0.90000,0],[1532909700000,0.90000,0.90000,0.90000,0.90000,0],[1532910600000,0.90000,0.90000,0.90000,0.90000,0],[1532911500000,1.10000,1.10000,1.10000,1.10000,100.00000],[1532912400000,1.10000,1.10000,1.10000,1.10000,0],[1532913300000,1.00000,1.00000,0.08000,0.08000,20.00000],[1532914200000,0.08000,0.08000,0.08000,0.08000,0],[1532915100000,0.08000,0.08000,0.08000,0.08000,0],[1532916000000,0.07000,0.07000,0.07000,0.07000,10.00000],[1532916900000,2.00000,2.00000,0.08100,0.08110,76.00000],[1532917800000,0.08110,0.08110,0.08110,0.08110,0],[1532918700000,0.08110,0.08110,0.08110,0.08110,0],[1532919600000,0.08110,0.08110,0.08110,0.08110,0],[1532920500000,0.08110,0.08110,0.08110,0.08110,0],[1532921400000,0.08110,0.08110,0.08110,0.08110,0],[1532922300000,0.90000,0.90000,0.90000,0.90000,10.00000],[1532923200000,0.90000,0.90000,0.90000,0.90000,0],[1532924100000,0.90000,0.90000,0.90000,0.90000,0],[1532925000000,0.90000,0.90000,0.90000,0.90000,0],[1532925900000,0.90000,0.90000,0.90000,0.90000,0],[1532926800000,0.90000,0.90000,0.90000,0.90000,0],[1532927700000,0.90000,0.90000,0.90000,0.90000,0],[1532928600000,0.90000,0.90000,0.90000,0.90000,0],[1532929500000,0.90000,0.90000,0.90000,0.90000,0],[1532930400000,0.90000,0.90000,0.90000,0.90000,0],[1532931300000,0.90000,0.90000,0.90000,0.90000,0],[1532932200000,0.90000,0.90000,0.90000,0.90000,0],[1532933100000,0.90000,0.90000,0.90000,0.90000,0],[1532934000000,0.90000,0.90000,0.90000,0.90000,0],[1532934900000,0.90000,0.90000,0.90000,0.90000,0],[1532935800000,1.50000,2.00000,0.50000,1.60000,230.00000],[1532936700000,1.60000,1.60000,1.60000,1.60000,0],[1532937600000,1.60000,1.60000,1.60000,1.60000,0],[1532938500000,1.60000,1.60000,1.60000,1.60000,0],[1532939400000,1.60000,1.60000,1.60000,1.60000,0],[1532940300000,1.60000,1.60000,1.60000,1.60000,0],[1532941200000,1.60000,1.60000,1.60000,1.60000,0],[1532942100000,1.60000,1.60000,1.60000,1.60000,0],[1532943000000,1.60000,1.60000,1.60000,1.60000,0],[1532943900000,1.60000,1.60000,1.60000,1.60000,0],[1532944800000,1.60000,1.60000,1.60000,1.60000,0],[1532945700000,1.60000,1.60000,1.60000,1.60000,0],[1532946600000,1.60000,1.60000,1.60000,1.60000,0],[1532947500000,1.60000,1.60000,1.60000,1.60000,0],[1532948400000,1.60000,1.60000,1.60000,1.60000,0],[1532949300000,1.60000,1.60000,1.60000,1.60000,0],[1532950200000,1.60000,1.60000,1.60000,1.60000,0],[1532951100000,1.60000,1.60000,1.60000,1.60000,0],[1532952000000,1.60000,1.60000,1.60000,1.60000,0],[1532952900000,1.60000,1.60000,1.60000,1.60000,0],[1532953800000,1.60000,1.60000,1.60000,1.60000,0],[1532954700000,1.60000,1.60000,1.60000,1.60000,0],[1532955600000,1.60000,1.60000,1.60000,1.60000,0],[1532956500000,1.60000,1.60000,1.60000,1.60000,0],[1532957400000,1.60000,1.60000,1.60000,1.60000,0],[1532958300000,1.60000,1.60000,1.60000,1.60000,0],[1532959200000,1.60000,1.60000,1.60000,1.60000,0],[1532960100000,1.60000,1.60000,1.60000,1.60000,0],[1532961000000,1.60000,1.60000,1.60000,1.60000,0],[1532961900000,1.60000,1.60000,1.60000,1.60000,0],[1532962800000,1.60000,1.60000,1.60000,1.60000,0],[1532963700000,1.60000,1.60000,1.60000,1.60000,0],[1532964600000,1.60000,1.60000,1.60000,1.60000,0],[1532965500000,1.60000,1.60000,1.60000,1.60000,0],[1532966400000,1.60000,1.60000,1.60000,1.60000,0],[1532967300000,1.60000,1.60000,1.60000,1.60000,0],[1532968200000,1.60000,1.60000,1.60000,1.60000,0],[1532969100000,1.60000,1.60000,1.60000,1.60000,0],[1532970000000,1.60000,1.60000,1.60000,1.60000,0],[1532970900000,1.60000,1.60000,1.60000,1.60000,0],[1532971800000,1.60000,1.60000,1.60000,1.60000,0],[1532972700000,1.60000,1.60000,1.60000,1.60000,0],[1532973600000,1.60000,1.60000,1.60000,1.60000,0],[1532974500000,1.60000,1.60000,1.60000,1.60000,0],[1532975400000,1.60000,1.60000,1.60000,1.60000,0],[1532976300000,1.60000,1.60000,1.60000,1.60000,0],[1532977200000,1.60000,1.60000,1.60000,1.60000,0],[1532978100000,1.60000,1.60000,1.60000,1.60000,0],[1532979000000,1.60000,1.60000,1.60000,1.60000,0],[1532979900000,1.60000,1.60000,1.60000,1.60000,0],[1532980800000,1.60000,1.60000,1.60000,1.60000,0],[1532981700000,1.60000,1.60000,1.60000,1.60000,0],[1532982600000,1.60000,1.60000,1.60000,1.60000,0],[1532983500000,1.60000,1.60000,1.60000,1.60000,0],[1532984400000,1.60000,1.60000,1.60000,1.60000,0],[1532985300000,1.60000,1.60000,1.60000,1.60000,0],[1532986200000,1.60000,1.60000,1.60000,1.60000,0],[1532987100000,1.60000,1.60000,1.60000,1.60000,0],[1532988000000,1.60000,1.60000,1.60000,1.60000,0],[1532988900000,1.60000,1.60000,1.60000,1.60000,0],[1532989800000,1.60000,1.60000,1.60000,1.60000,0],[1532990700000,1.60000,1.60000,1.60000,1.60000,0],[1532991600000,1.60000,1.60000,1.60000,1.60000,0],[1532992500000,1.60000,1.60000,1.60000,1.60000,0],[1532993400000,1.60000,1.60000,1.60000,1.60000,0],[1532994300000,1.60000,1.60000,1.60000,1.60000,0],[1532995200000,1.60000,1.60000,1.60000,1.60000,0],[1532996100000,1.60000,1.60000,1.60000,1.60000,0],[1532997000000,1.60000,1.60000,1.60000,1.60000,0],[1532997900000,1.00000,1.00000,1.00000,1.00000,1.00000],[1532998800000,1.00000,1.00000,1.00000,1.00000,0],[1533000600000,1.00000,1.00000,1.00000,1.00000,0],[1533001500000,1.00000,1.00000,1.00000,1.00000,0],[1533002400000,1.00000,1.00000,1.00000,1.00000,0],[1533003300000,1.00000,1.00000,1.00000,1.00000,0],[1533004200000,1.00000,1.00000,1.00000,1.00000,0],[1533005100000,1.00000,1.00000,1.00000,1.00000,0],[1533006000000,1.00000,1.00000,1.00000,1.00000,0],[1533006900000,1.00000,1.00000,1.00000,1.00000,0],[1533007800000,1.00000,1.00000,1.00000,1.00000,0],[1533008700000,2.00000,3.00000,2.00000,3.00000,5.00000],[1533009600000,3.00000,3.00000,3.00000,3.00000,0],[1533010500000,3.00000,3.00000,3.00000,3.00000,0],[1533011400000,3.00000,3.00000,3.00000,3.00000,0],[1533012300000,3.00000,3.00000,3.00000,3.00000,0],[1533013200000,3.00000,3.00000,3.00000,3.00000,0],[1533014100000,3.00000,3.00000,3.00000,3.00000,0],[1533015000000,3.00000,3.00000,3.00000,3.00000,0],[1533015900000,3.00000,3.00000,3.00000,3.00000,0],[1533016800000,3.00000,3.00000,3.00000,3.00000,0],[1533017700000,3.00000,3.00000,3.00000,3.00000,0],[1533018600000,3.00000,3.00000,3.00000,3.00000,0],[1533019500000,0.08000,0.08000,0.08000,0.08000,100.00000],[1533020400000,0.08000,0.08000,0.08000,0.08000,0],[1533021300000,0.08000,0.08000,0.08000,0.08000,0],[1533022200000,0.08000,0.08000,0.08000,0.08000,0],[1533023100000,0.08000,0.08000,0.08000,0.08000,0],[1533024000000,0.08000,0.08000,0.08000,0.08000,0],[1533024900000,0.08000,0.08000,0.08000,0.08000,0],[1533025800000,0.08000,0.08000,0.08000,0.08000,0],[1533026700000,0.08000,0.08000,0.08000,0.08000,0],[1533027600000,0.08000,0.08000,0.08000,0.08000,0],[1533028500000,0.08000,0.08000,0.08000,0.08000,0],[1533029400000,0.08000,0.08000,0.08000,0.08000,0],[1533030300000,0.08000,0.08000,0.08000,0.08000,0],[1533031200000,0.08000,0.08000,0.08000,0.08000,0],[1533032100000,0.08000,0.08000,0.08000,0.08000,0],[1533033000000,0.08000,0.08000,0.08000,0.08000,0],[1533033900000,0.08000,0.08000,0.08000,0.08000,0],[1533034800000,0.08000,0.08000,0.08000,0.08000,0],[1533035700000,0.08000,0.08000,0.08000,0.08000,0],[1533036600000,0.08000,0.08000,0.08000,0.08000,0],[1533037500000,0.08000,0.08000,0.08000,0.08000,0],[1533038400000,0.08000,0.08000,0.08000,0.08000,0],[1533039300000,0.08000,0.08000,0.08000,0.08000,0],[1533040200000,0.08000,0.08000,0.08000,0.08000,0],[1533041100000,0.08000,0.08000,0.08000,0.08000,0],[1533042000000,0.08000,0.08000,0.08000,0.08000,0],[1533042900000,0.08000,0.08000,0.08000,0.08000,0],[1533043800000,0.08000,0.08000,0.08000,0.08000,0],[1533044700000,0.08000,0.08000,0.08000,0.08000,0],[1533045600000,0.08000,0.08000,0.08000,0.08000,0],[1533046500000,0.08000,0.08000,0.08000,0.08000,0],[1533047400000,0.08000,0.08000,0.08000,0.08000,0],[1533048300000,0.08000,0.08000,0.08000,0.08000,0],[1533049200000,0.08000,0.08000,0.08000,0.08000,0],[1533050100000,0.08000,0.08000,0.08000,0.08000,0],[1533051000000,0.08000,0.08000,0.08000,0.08000,0],[1533051900000,0.08000,0.08000,0.08000,0.08000,0],[1533052800000,0.08000,0.08000,0.08000,0.08000,0],[1533053700000,0.08000,0.08000,0.08000,0.08000,0],[1533054600000,0.08000,0.08000,0.08000,0.08000,0],[1533055500000,0.08000,0.08000,0.08000,0.08000,0],[1533056400000,0.08000,0.08000,0.08000,0.08000,0],[1533057300000,0.08000,0.08000,0.08000,0.08000,0],[1533058200000,0.08000,0.08000,0.08000,0.08000,0],[1533059100000,0.08000,0.08000,0.08000,0.08000,0],[1533060000000,0.08000,0.08000,0.08000,0.08000,0],[1533060900000,0.08000,0.08000,0.08000,0.08000,0],[1533061800000,0.08000,0.08000,0.08000,0.08000,0],[1533062700000,0.08000,0.08000,0.08000,0.08000,0],[1533063600000,0.08000,0.08000,0.08000,0.08000,0],[1533064500000,0.08000,0.08000,0.08000,0.08000,0],[1533065400000,0.08000,0.08000,0.08000,0.08000,0],[1533066300000,0.08000,0.08000,0.08000,0.08000,0],[1533067200000,0.08000,0.08000,0.08000,0.08000,0],[1533068100000,0.08000,0.08000,0.08000,0.08000,0],[1533069000000,0.08000,0.08000,0.08000,0.08000,0],[1533069900000,0.08000,0.08000,0.08000,0.08000,0],[1533070800000,0.08000,0.08000,0.08000,0.08000,0],[1533071700000,0.08000,0.08000,0.08000,0.08000,0],[1533072600000,0.08000,0.08000,0.08000,0.08000,0],[1533073500000,0.08000,0.08000,0.08000,0.08000,0],[1533074400000,0.08000,0.08000,0.08000,0.08000,0],[1533075300000,0.08000,0.08000,0.08000,0.08000,0],[1533076200000,0.08000,0.08000,0.08000,0.08000,0],[1533077100000,0.08000,0.08000,0.08000,0.08000,0],[1533078000000,0.08000,0.08000,0.08000,0.08000,0],[1533078900000,0.08000,0.08000,0.08000,0.08000,0],[1533079800000,0.08000,0.08000,0.08000,0.08000,0],[1533080700000,0.08000,0.08000,0.08000,0.08000,0],[1533081600000,0.08000,0.08000,0.08000,0.08000,0],[1533082500000,0.08000,0.08000,0.08000,0.08000,0],[1533083400000,0.08000,0.08000,0.08000,0.08000,0],[1533084300000,0.08000,0.08000,0.08000,0.08000,0],[1533085200000,0.08000,0.08000,0.08000,0.08000,0],[1533086100000,0.08000,0.08000,0.08000,0.08000,0],[1533087000000,0.08000,0.08000,0.08000,0.08000,0],[1533087900000,0.08000,0.08000,0.08000,0.08000,0],[1533088800000,0.08000,0.08000,0.08000,0.08000,0],[1533089700000,0.08000,0.08000,0.08000,0.08000,0],[1533090600000,0.08000,0.08000,0.08000,0.08000,0],[1533091500000,0.08000,0.08000,0.08000,0.08000,0],[1533092400000,0.08000,0.08000,0.08000,0.08000,0],[1533093300000,0.08000,0.08000,0.08000,0.08000,0],[1533094200000,0.08000,0.08000,0.08000,0.08000,0],[1533095100000,1.00000,5.00000,0.50000,1.00000,4632.00000],[1533096000000,1.00000,1.00000,1.00000,1.00000,0],[1533096900000,1.00000,1.00000,1.00000,1.00000,0],[1533097800000,1.00000,1.00000,1.00000,1.00000,0],[1533098700000,1.00000,1.00000,1.00000,1.00000,0],[1533099600000,1.00000,1.00000,1.00000,1.00000,0],[1533100500000,1.00000,1.00000,1.00000,1.00000,0],[1533101400000,1.00000,1.00000,1.00000,1.00000,0],[1533102300000,1.00000,1.00000,1.00000,1.00000,0],[1533103200000,1.00000,1.00000,1.00000,1.00000,0],[1533104100000,1.00000,1.00000,1.00000,1.00000,0],[1533105000000,1.00000,1.00000,1.00000,1.00000,0],[1533105900000,1.00000,1.00000,1.00000,1.00000,0],[1533106800000,1.00000,1.00000,1.00000,1.00000,0],[1533107700000,2.00000,2.00000,2.00000,2.00000,1.00000],[1533108600000,2.00000,2.00000,2.00000,2.00000,0],[1533109500000,2.00000,2.00000,2.00000,2.00000,0],[1533110400000,2.00000,2.00000,2.00000,2.00000,0],[1533111300000,1.05000,1.05000,1.05000,1.05000,1.00000],[1533112200000,1.05000,1.05000,1.05000,1.05000,0],[1533113100000,1.05000,1.05000,1.05000,1.05000,0],[1533114000000,1.00800,1.00800,1.00800,1.00800,1.00000],[1533114900000,1.00800,1.00800,1.00800,1.00800,0],[1533115800000,1.00800,1.00800,1.00800,1.00800,0],[1533116700000,1.00800,1.00800,1.00800,1.00800,0],[1533117600000,1.00800,1.00800,1.00800,1.00800,0],[1533118500000,1.00800,1.00800,1.00800,1.00800,0],[1533119400000,1.00800,1.00800,1.00800,1.00800,0],[1533120300000,1.00800,1.00800,1.00800,1.00800,0],[1533121200000,1.00800,1.00800,1.00800,1.00800,0],[1533122100000,1.00800,1.00800,1.00800,1.00800,0],[1533123000000,1.00800,1.00800,1.00800,1.00800,0],[1533123900000,1.00800,1.00800,1.00800,1.00800,0],[1533124800000,1.00800,1.00800,1.00800,1.00800,0],[1533125700000,1.00800,1.00800,1.00800,1.00800,0],[1533126600000,1.00800,1.00800,1.00800,1.00800,0],[1533127500000,1.00800,1.00800,1.00800,1.00800,0],[1533128400000,1.00800,1.00800,1.00800,1.00800,0],[1533129300000,1.00800,1.00800,1.00800,1.00800,0],[1533130200000,1.00800,1.00800,1.00800,1.00800,0],[1533131100000,1.00800,1.00800,1.00800,1.00800,0],[1533132000000,1.00800,1.00800,1.00800,1.00800,0],[1533132900000,1.00800,1.00800,1.00800,1.00800,0],[1533133800000,1.00800,1.00800,1.00800,1.00800,0],[1533134700000,1.00800,1.00800,1.00800,1.00800,0],[1533135600000,1.00800,1.00800,1.00800,1.00800,0],[1533136500000,1.00800,1.00800,1.00800,1.00800,0],[1533137400000,1.00800,1.00800,1.00800,1.00800,0],[1533138300000,1.00800,1.00800,1.00800,1.00800,0],[1533139200000,1.00800,1.00800,1.00800,1.00800,0],[1533140100000,1.00800,1.00800,1.00800,1.00800,0],[1533141000000,1.00800,1.00800,1.00800,1.00800,0],[1533141900000,1.00800,1.00800,1.00800,1.00800,0],[1533142800000,1.00800,1.00800,1.00800,1.00800,0],[1533143700000,1.00800,1.00800,1.00800,1.00800,0],[1533144600000,1.00800,1.00800,1.00800,1.00800,0],[1533145500000,1.00800,1.00800,1.00800,1.00800,0],[1533146400000,1.00800,1.00800,1.00800,1.00800,0],[1533147300000,1.00800,1.00800,1.00800,1.00800,0],[1533148200000,1.00800,1.00800,1.00800,1.00800,0],[1533149100000,1.00800,1.00800,1.00800,1.00800,0],[1533150000000,1.00800,1.00800,1.00800,1.00800,0],[1533150900000,1.00800,1.00800,1.00800,1.00800,0],[1533151800000,1.00800,1.00800,1.00800,1.00800,0],[1533152700000,1.00800,1.00800,1.00800,1.00800,0],[1533153600000,1.00800,1.00800,1.00800,1.00800,0],[1533154500000,1.00800,1.00800,1.00800,1.00800,0],[1533155400000,1.00800,1.00800,1.00800,1.00800,0],[1533156300000,1.00800,1.00800,1.00800,1.00800,0],[1533157200000,1.00800,1.00800,1.00800,1.00800,0],[1533158100000,1.00800,1.00800,1.00800,1.00800,0],[1533159000000,1.00800,1.00800,1.00800,1.00800,0],[1533159900000,1.00800,1.00800,1.00800,1.00800,0],[1533160800000,1.00800,1.00800,1.00800,1.00800,0],[1533161700000,1.00800,1.00800,1.00800,1.00800,0],[1533162600000,1.00800,1.00800,1.00800,1.00800,0],[1533163500000,1.00800,1.00800,1.00800,1.00800,0],[1533164400000,1.00800,1.00800,1.00800,1.00800,0],[1533165300000,1.00800,1.00800,1.00800,1.00800,0],[1533166200000,1.00800,1.00800,1.00800,1.00800,0],[1533167100000,1.00800,1.00800,1.00800,1.00800,0],[1533168000000,1.00800,1.00800,1.00800,1.00800,0],[1533168900000,1.00800,1.00800,1.00800,1.00800,0],[1533169800000,1.00800,1.00800,1.00800,1.00800,0],[1533170700000,1.00800,1.00800,1.00800,1.00800,0],[1533171600000,1.00800,1.00800,1.00800,1.00800,0],[1533172500000,1.00800,1.00800,1.00800,1.00800,0],[1533173400000,1.00800,1.00800,1.00800,1.00800,0],[1533174300000,1.00800,1.00800,1.00800,1.00800,0],[1533175200000,1.00800,1.00800,1.00800,1.00800,0],[1533176100000,1.00800,1.00800,1.00800,1.00800,0],[1533177000000,1.00800,1.00800,1.00800,1.00800,0],[1533177900000,1.00800,1.00800,1.00800,1.00800,0],[1533178800000,1.00800,1.00800,1.00800,1.00800,0],[1533179700000,1.00800,1.00800,1.00800,1.00800,0],[1533180600000,1.00800,1.00800,1.00800,1.00800,0],[1533181500000,1.00800,1.00800,1.00800,1.00800,0],[1533182400000,1.00800,1.00800,1.00800,1.00800,0],[1533183300000,1.00800,1.00800,1.00800,1.00800,0],[1533184200000,1.00800,1.00800,1.00800,1.00800,0],[1533185100000,1.00800,1.00800,1.00800,1.00800,0],[1533186000000,1.00800,1.00800,1.00800,1.00800,0],[1533186900000,1.00800,1.00800,1.00800,1.00800,0],[1533187800000,1.00800,1.00800,1.00800,1.00800,0],[1533188700000,1.00800,1.00800,1.00800,1.00800,0],[1533189600000,1.00800,1.00800,1.00800,1.00800,0],[1533190500000,1.00800,1.00800,1.00800,1.00800,0],[1533191400000,1.00800,1.00800,1.00800,1.00800,0],[1533192300000,1.00800,1.00800,1.00800,1.00800,0],[1533193200000,0.08001,0.08492,0.08001,0.08122,528634.00000],[1533194100000,0.08122,0.08492,0.08037,0.08483,2816206.00000],[1533195000000,0.08078,0.08483,0.08075,0.08354,6504188.00000],[1533195900000,0.08354,0.08476,0.08084,0.08248,259060.00000],[1533196800000,0.08213,0.08476,0.08075,0.08140,7310657.00000],[1533197700000,0.08128,0.08471,0.08110,0.08240,4500247.00000],[1533198600000,0.08192,0.08465,0.08123,0.08465,358341.00000],[1533199500000,0.08123,0.08465,0.08121,0.08422,3532087.00000],[1533200400000,0.08179,0.08452,0.08156,0.08429,2216962.00000],[1533201300000,0.08429,0.08454,0.08153,0.08454,1531566.00000],[1533202200000,0.08191,0.08455,0.08151,0.08455,1367190.00000],[1533203100000,0.08182,0.08456,0.08149,0.08409,1190040.00000],[1533204000000,0.08420,0.08452,0.08160,0.08174,1048364.00000],[1533204900000,0.08174,0.08454,0.08152,0.08189,902862.00000],[1533205800000,0.08181,0.08456,0.08149,0.08156,901964.00000],[1533206700000,0.08163,0.08456,0.08149,0.08456,750897.00000],[1533207600000,0.08169,0.08456,0.08148,0.08451,758271.00000],[1533208500000,0.08451,0.08457,0.08148,0.08457,528737.00000],[1533209400000,0.08457,0.08457,0.08457,0.08457,0],[1533210300000,0.08457,0.08457,0.08457,0.08457,0],[1533211200000,0.08457,0.08457,0.08457,0.08457,0],[1533212100000,0.08457,0.08457,0.08457,0.08457,0],[1533213000000,0.08457,0.08457,0.08457,0.08457,0],[1533213900000,0.08457,0.08457,0.08457,0.08457,0],[1533214800000,0.08457,0.08457,0.08457,0.08457,0],[1533215700000,0.08457,0.08457,0.08457,0.08457,0],[1533216600000,0.08457,0.08457,0.08457,0.08457,0],[1533217500000,0.08457,0.08457,0.08457,0.08457,0],[1533218400000,0.08457,0.08457,0.08457,0.08457,0],[1533219300000,0.08457,0.08457,0.08457,0.08457,0],[1533220200000,0.08457,0.08457,0.08457,0.08457,0],[1533221100000,0.08457,0.08457,0.08457,0.08457,0],[1533222000000,0.08457,0.08457,0.08457,0.08457,0],[1533222900000,0.08457,0.08457,0.08457,0.08457,0],[1533223800000,0.08457,0.08457,0.08457,0.08457,0],[1533224700000,0.08457,0.08457,0.08457,0.08457,0],[1533225600000,0.08457,0.08457,0.08457,0.08457,0],[1533226500000,0.08457,0.08457,0.08457,0.08457,0],[1533227400000,0.08457,0.08457,0.08457,0.08457,0],[1533228300000,0.08457,0.08457,0.08457,0.08457,0],[1533229200000,0.08457,0.08457,0.08457,0.08457,0],[1533230100000,0.08457,0.08457,0.08457,0.08457,0],[1533231000000,0.08457,0.08457,0.08457,0.08457,0],[1533231900000,0.08457,0.08457,0.08457,0.08457,0],[1533232800000,0.08457,0.08457,0.08457,0.08457,0],[1533233700000,0.08457,0.08457,0.08457,0.08457,0],[1533234600000,0.08457,0.08457,0.08457,0.08457,0],[1533235500000,0.08457,0.08457,0.08457,0.08457,0],[1533236400000,0.08457,0.08457,0.08457,0.08457,0],[1533237300000,0.08457,0.08457,0.08457,0.08457,0],[1533238200000,0.08457,0.08457,0.08457,0.08457,0],[1533239100000,0.08457,0.08457,0.08457,0.08457,0],[1533240000000,0.08457,0.08457,0.08457,0.08457,0],[1533240900000,0.08457,0.08457,0.08457,0.08457,0],[1533241800000,0.08457,0.08457,0.08457,0.08457,0],[1533242700000,0.08457,0.08457,0.08457,0.08457,0],[1533243600000,0.08457,0.08457,0.08457,0.08457,0],[1533244500000,0.08457,0.08457,0.08457,0.08457,0],[1533245400000,0.08457,0.08457,0.08457,0.08457,0],[1533246300000,0.08457,0.08457,0.08457,0.08457,0],[1533247200000,0.08457,0.08457,0.08457,0.08457,0],[1533248100000,0.08457,0.08457,0.08457,0.08457,0],[1533249000000,0.08457,0.08457,0.08457,0.08457,0],[1533249900000,0.08457,0.08457,0.08457,0.08457,0],[1533250800000,0.08457,0.08457,0.08457,0.08457,0],[1533251700000,0.08457,0.08457,0.08457,0.08457,0],[1533252600000,0.08457,0.08457,0.08457,0.08457,0],[1533253500000,0.08457,0.08457,0.08457,0.08457,0],[1533254400000,0.08457,0.08457,0.08457,0.08457,0],[1533255300000,0.08457,0.08457,0.08457,0.08457,0],[1533256200000,0.08457,0.08457,0.08457,0.08457,0],[1533257100000,0.08457,0.08457,0.08457,0.08457,0],[1533258000000,0.08457,0.08457,0.08457,0.08457,0],[1533258900000,0.08391,0.08391,0.08391,0.08391,100.00000],[1533259800000,0.08457,0.08493,0.08128,0.08493,4064235.00000],[1533260700000,0.08493,0.08500,0.08099,0.08099,3791102.00000],[1533261600000,0.08099,0.08099,0.08066,0.08066,1100000.00000],[1533262500000,0.08066,0.08066,0.08055,0.08055,400000.00000],[1533263400000,0.08040,0.08040,0.08028,0.08028,400626.00000],[1533264300000,0.08028,0.08028,0.08001,0.08001,736679.00000],[1533265200000,0.08001,0.08001,0.08001,0.08001,1.00000],[1533266100000,0.08001,0.08001,0.08001,0.08001,1.00000],[1533267000000,0.08001,0.08001,0.08001,0.08001,0],[1533267900000,0.08001,0.08001,0.08001,0.08001,0],[1533268800000,0.08001,0.08001,0.08001,0.08001,0],[1533269700000,0.08001,0.08001,0.08001,0.08001,0],[1533270600000,0.08001,0.08001,0.08001,0.08001,0],[1533271500000,0.08001,0.08001,0.08001,0.08001,0],[1533272400000,0.08001,0.08001,0.08001,0.08001,0],[1533273300000,0.08001,0.08001,0.08001,0.08001,0],[1533274200000,0.08001,0.08001,0.08001,0.08001,0],[1533275100000,0.08001,0.08001,0.08001,0.08001,0],[1533276000000,0.08001,0.08001,0.08001,0.08001,0],[1533276900000,0.08001,0.08001,0.08001,0.08001,0],[1533277800000,0.08001,0.08001,0.08001,0.08001,0],[1533278700000,0.08001,0.08001,0.08001,0.08001,0],[1533279600000,0.08001,0.08001,0.08001,0.08001,0],[1533280500000,0.08001,0.08001,0.08001,0.08001,0],[1533281400000,0.08001,0.08001,0.08001,0.08001,0],[1533282300000,0.08001,0.08001,0.08001,0.08001,0],[1533283200000,0.08001,0.08001,0.08001,0.08001,0],[1533284100000,0.08001,0.08001,0.08001,0.08001,0],[1533285000000,0.08001,0.08001,0.08001,0.08001,0],[1533285900000,0.08001,0.08001,0.08001,0.08001,0],[1533286800000,0.08001,0.08001,0.08001,0.08001,0],[1533287700000,0.08001,0.08001,0.08001,0.08001,0],[1533288600000,0.08001,0.08001,0.08001,0.08001,0],[1533289500000,0.08001,0.08001,0.08001,0.08001,0],[1533290400000,0.08001,0.08001,0.08001,0.08001,0],[1533291300000,0.08001,0.08001,0.08001,0.08001,0],[1533292200000,0.08001,0.08001,0.08001,0.08001,0],[1533293100000,0.08001,0.08001,0.08001,0.08001,0],[1533294000000,0.08001,0.08001,0.08001,0.08001,0],[1533294900000,0.08001,0.08001,0.08001,0.08001,0],[1533295800000,0.08001,0.08001,0.08001,0.08001,0],[1533296700000,0.08001,0.08001,0.08001,0.08001,0],[1533297600000,0.08001,0.08001,0.08001,0.08001,0],[1533347100000,1.00000,2.00000,1.00000,2.00000,333.00000],[1533348000000,2.00000,2.00000,2.00000,2.00000,0],[1533348900000,2.00000,2.00000,2.00000,2.00000,0],[1533349800000,2.00000,2.00000,2.00000,2.00000,0],[1533350700000,2.00000,2.00000,2.00000,2.00000,0],[1533351600000,2.00000,2.00000,2.00000,2.00000,0],[1533352500000,3.00000,3.00000,3.00000,3.00000,3.00000],[1533353400000,5.00000,5.00000,5.00000,5.00000,1.00000],[1533354300000,0.08055000,0.08055000,0.08055000,0.08055000,300.00000000],[1533355200000,0.08055000,0.08055000,0.08055000,0.08055000,200.00000000],[1533356100000,0.08055000,0.08055000,0.08055000,0.08055000,0],[1533357000000,0.08055000,0.08055000,0.08055000,0.08055000,0],[1533357900000,0.08055000,0.08055000,0.08055000,0.08055000,0],[1533358800000,0.08055000,0.08055000,0.08055000,0.08055000,0],[1533359700000,0.08055000,0.08055000,0.08055000,0.08055000,0],[1533360600000,0.08055000,0.08055000,0.08055000,0.08055000,0],[1533361500000,0.08055000,0.08055000,0.08055000,0.08055000,0],[1533362400000,0.10000,0.10000,0.10000,0.10000,1.00000],[1533363300000,0.10000,0.10000,0.10000,0.10000,0],[1533364200000,0.10000,0.10000,0.10000,0.10000,0],[1533365100000,0.10000,0.10000,0.10000,0.10000,0],[1533366000000,0.11000,0.11000,0.11000,0.11000,1.00000],[1533366900000,0.11000,0.11000,0.11000,0.11000,0],[1533367800000,0.08000,0.08000,0.05000,0.06000,203.00000],[1533368700000,0.08000,0.08000,0.08000,0.08000,201.00000],[1533369600000,0.08000,0.08000,0.08000,0.08000,0],[1533370500000,0.08000,0.08000,0.08000,0.08000,0],[1533371400000,0.08000,0.08000,0.08000,0.08000,0],[1533372300000,0.08000,0.08000,0.08000,0.08000,0],[1533373200000,0.08000,0.08000,0.08000,0.08000,0],[1533374100000,0.08000,0.08000,0.08000,0.08000,0],[1533375000000,0.08000,0.08000,0.08000,0.08000,0],[1533375900000,0.08000,0.08000,0.08000,0.08000,0],[1533376800000,0.08000,0.08000,0.08000,0.08000,0],[1533377700000,0.08000,0.08000,0.08000,0.08000,0],[1533378600000,0.08000,0.08000,0.08000,0.08000,0],[1533379500000,0.08000,0.08000,0.08000,0.08000,0],[1533380400000,0.08000,0.08000,0.08000,0.08000,0],[1533381300000,0.08000,0.08000,0.08000,0.08000,0],[1533382200000,0.08000,0.08000,0.08000,0.08000,0],[1533383100000,0.08000,0.08000,0.08000,0.08000,0],[1533384000000,0.08000,0.08000,0.08000,0.08000,0],[1533384900000,0.08000,0.08000,0.08000,0.08000,0],[1533385800000,0.08000,0.08000,0.08000,0.08000,0],[1533386700000,0.08000,0.08000,0.08000,0.08000,0],[1533387600000,0.08000,0.08000,0.08000,0.08000,0],[1533388500000,0.08000,0.08000,0.08000,0.08000,0],[1533389400000,0.08000,0.08000,0.08000,0.08000,0],[1533390300000,0.08000,0.08000,0.08000,0.08000,0],[1533391200000,0.08000,0.08000,0.08000,0.08000,0],[1533392100000,0.08000,0.08000,0.08000,0.08000,0],[1533393000000,0.08000,0.08000,0.08000,0.08000,0],[1533393900000,0.08000,0.08000,0.08000,0.08000,0],[1533394800000,0.08000,0.08000,0.08000,0.08000,0],[1533395700000,0.08000,0.08000,0.08000,0.08000,0],[1533396600000,0.08000,0.08000,0.08000,0.08000,0],[1533397500000,0.08000,0.08000,0.08000,0.08000,0],[1533398400000,0.08000,0.08000,0.08000,0.08000,0],[1533399300000,0.08000,0.08000,0.08000,0.08000,0],[1533400200000,0.08000,0.08000,0.08000,0.08000,0],[1533401100000,0.08000,0.08000,0.08000,0.08000,0],[1533402000000,0.08000,0.08000,0.08000,0.08000,0],[1533402900000,0.08000,0.08000,0.08000,0.08000,0],[1533403800000,0.08000,0.08000,0.08000,0.08000,0],[1533404700000,0.08000,0.08000,0.08000,0.08000,0],[1533405600000,0.08000,0.08000,0.08000,0.08000,0],[1533406500000,0.08000,0.08000,0.08000,0.08000,0],[1533407400000,0.08000,0.08000,0.08000,0.08000,0],[1533408300000,0.08000,0.08000,0.08000,0.08000,0],[1533409200000,0.08000,0.08000,0.08000,0.08000,0],[1533410100000,0.08000,0.08000,0.08000,0.08000,0],[1533411000000,0.08000,0.08000,0.08000,0.08000,0],[1533411900000,0.08000,0.08000,0.08000,0.08000,0],[1533412800000,0.08000,0.08000,0.08000,0.08000,0],[1533413700000,0.08000,0.08000,0.08000,0.08000,0],[1533414600000,0.08000,0.08000,0.08000,0.08000,0],[1533415500000,0.08000,0.08000,0.08000,0.08000,0],[1533416400000,0.08000,0.08000,0.08000,0.08000,0],[1533417300000,0.08000,0.08000,0.08000,0.08000,0],[1533418200000,0.08000,0.08000,0.08000,0.08000,0],[1533419100000,0.08000,0.08000,0.08000,0.08000,0],[1533420000000,0.08000,0.08000,0.08000,0.08000,0],[1533420900000,0.08000,0.08000,0.08000,0.08000,0],[1533421800000,0.08000,0.08000,0.08000,0.08000,0],[1533422700000,0.08000,0.08000,0.08000,0.08000,0],[1533423600000,0.08000,0.08000,0.08000,0.08000,0],[1533424500000,0.08000,0.08000,0.08000,0.08000,0],[1533425400000,0.08000,0.08000,0.08000,0.08000,0],[1533426300000,0.08000,0.08000,0.08000,0.08000,0],[1533427200000,0.08000,0.08000,0.08000,0.08000,0],[1533428100000,0.08000,0.08000,0.08000,0.08000,0],[1533429000000,0.08000,0.08000,0.08000,0.08000,0],[1533429900000,0.08000,0.08000,0.08000,0.08000,0],[1533430800000,0.08000,0.08000,0.08000,0.08000,0],[1533431700000,0.08000,0.08000,0.08000,0.08000,0],[1533432600000,0.08000,0.08000,0.08000,0.08000,0],[1533433500000,0.08000,0.08000,0.08000,0.08000,0],[1533434400000,0.08000,0.08000,0.08000,0.08000,0],[1533435300000,0.08000,0.08000,0.08000,0.08000,0],[1533436200000,0.08000,0.08000,0.08000,0.08000,0],[1533437100000,0.08000,0.08000,0.08000,0.08000,0],[1533438000000,0.08000,0.08000,0.08000,0.08000,0],[1533438900000,0.08000,0.08000,0.08000,0.08000,0],[1533439800000,0.08000,0.08000,0.08000,0.08000,0],[1533440700000,0.08000,0.08000,0.08000,0.08000,0],[1533441600000,0.08000,0.08000,0.08000,0.08000,0],[1533442500000,0.08000,0.08000,0.08000,0.08000,0],[1533443400000,0.08000,0.08000,0.08000,0.08000,0],[1533444300000,0.08000,0.08000,0.08000,0.08000,0],[1533445200000,0.08000,0.08000,0.08000,0.08000,0],[1533446100000,0.08000,0.08000,0.08000,0.08000,0],[1533447000000,0.08000,0.08000,0.08000,0.08000,0],[1533447900000,0.08000,0.08000,0.08000,0.08000,0],[1533448800000,0.08000,0.08000,0.08000,0.08000,0],[1533449700000,0.08000,0.08000,0.08000,0.08000,0],[1533450600000,0.08000,0.08000,0.08000,0.08000,0],[1533451500000,0.08000,0.08000,0.08000,0.08000,0],[1533452400000,0.08000,0.08000,0.08000,0.08000,0],[1533453300000,0.08000,0.08000,0.08000,0.08000,0],[1533454200000,0.08000,0.08000,0.08000,0.08000,0],[1533455100000,0.08000,0.08000,0.08000,0.08000,0],[1533456000000,0.08000,0.08000,0.08000,0.08000,0],[1533456900000,0.08000,0.08000,0.08000,0.08000,0],[1533457800000,0.08000,0.08000,0.08000,0.08000,0],[1533458700000,0.08000,0.08000,0.08000,0.08000,0],[1533459600000,0.08000,0.08000,0.08000,0.08000,0],[1533460500000,0.08000,0.08000,0.08000,0.08000,0],[1533461400000,0.08000,0.08000,0.08000,0.08000,0],[1533462300000,0.08000,0.08000,0.08000,0.08000,0],[1533463200000,0.08000,0.08000,0.08000,0.08000,0],[1533464100000,0.08000,0.08000,0.08000,0.08000,0],[1533465000000,0.08000,0.08000,0.08000,0.08000,0],[1533465900000,0.08000,0.08000,0.08000,0.08000,0],[1533466800000,0.08000,0.08000,0.08000,0.08000,0],[1533467700000,0.08000,0.08000,0.08000,0.08000,0],[1533468600000,0.08000,0.08000,0.08000,0.08000,0],[1533469500000,0.08000,0.08000,0.08000,0.08000,0],[1533470400000,0.08000,0.08000,0.08000,0.08000,0],[1533471300000,0.08000,0.08000,0.08000,0.08000,0],[1533472200000,0.08000,0.08000,0.08000,0.08000,0],[1533473100000,0.08000,0.08000,0.08000,0.08000,0],[1533474000000,0.08000,0.08000,0.08000,0.08000,0],[1533474900000,0.08000,0.08000,0.08000,0.08000,0],[1533475800000,0.08000,0.08000,0.08000,0.08000,0],[1533476700000,0.08000,0.08000,0.08000,0.08000,0],[1533477600000,0.08000,0.08000,0.08000,0.08000,0],[1533478500000,0.08000,0.08000,0.08000,0.08000,0],[1533479400000,0.08000,0.08000,0.08000,0.08000,0],[1533480300000,0.08000,0.08000,0.08000,0.08000,0],[1533481200000,0.08000,0.08000,0.08000,0.08000,0],[1533482100000,0.08000,0.08000,0.08000,0.08000,0],[1533483000000,0.08000,0.08000,0.08000,0.08000,0],[1533483900000,0.08000,0.08000,0.08000,0.08000,0],[1533484800000,0.08000,0.08000,0.08000,0.08000,0],[1533485700000,0.08000,0.08000,0.08000,0.08000,0],[1533486600000,0.08000,0.08000,0.08000,0.08000,0],[1533487500000,0.08000,0.08000,0.08000,0.08000,0],[1533488400000,0.08000,0.08000,0.08000,0.08000,0],[1533489300000,0.08000,0.08000,0.08000,0.08000,0],[1533490200000,0.08000,0.08000,0.08000,0.08000,0],[1533491100000,0.08000,0.08000,0.08000,0.08000,0],[1533492000000,0.08000,0.08000,0.08000,0.08000,0],[1533492900000,0.08000,0.08000,0.08000,0.08000,0],[1533493800000,0.08000,0.08000,0.08000,0.08000,0],[1533494700000,0.08000,0.08000,0.08000,0.08000,0],[1533495600000,0.08000,0.08000,0.08000,0.08000,0],[1533496500000,0.08000,0.08000,0.08000,0.08000,0],[1533497400000,0.08000,0.08000,0.08000,0.08000,0],[1533498300000,0.08000,0.08000,0.08000,0.08000,0],[1533499200000,0.08000,0.08000,0.08000,0.08000,0],[1533500100000,0.08000,0.08000,0.08000,0.08000,0],[1533501000000,0.08000,0.08000,0.08000,0.08000,0],[1533501900000,0.08000,0.08000,0.08000,0.08000,0],[1533502800000,0.08000,0.08000,0.08000,0.08000,0],[1533503700000,0.08000,0.08000,0.08000,0.08000,0],[1533504600000,0.08000,0.08000,0.08000,0.08000,0],[1533505500000,0.08000,0.08000,0.08000,0.08000,0],[1533506400000,0.08000,0.08000,0.08000,0.08000,0],[1533507300000,0.08000,0.08000,0.08000,0.08000,0],[1533508200000,0.08000,0.08000,0.08000,0.08000,0],[1533509100000,0.08000,0.08000,0.08000,0.08000,0],[1533510000000,0.08000,0.08000,0.08000,0.08000,0],[1533510900000,0.08000,0.08000,0.08000,0.08000,0],[1533511800000,0.08000,0.08000,0.08000,0.08000,0],[1533512700000,0.08000,0.08000,0.08000,0.08000,0],[1533513600000,0.08000,0.08000,0.08000,0.08000,0],[1533514500000,0.08000,0.08000,0.08000,0.08000,0],[1533515400000,0.08000,0.08000,0.08000,0.08000,0],[1533516300000,0.08000,0.08000,0.08000,0.08000,0],[1533517200000,0.08000,0.08000,0.08000,0.08000,0],[1533518100000,0.08001,0.08036,0.08001,0.08001,727.00000],[1533519000000,0.08005,0.08005,0.08001,0.08001,30.00000],[1533519900000,0.08001,0.08001,0.08001,0.08001,0],[1533520800000,0.08001,0.08001,0.08001,0.08001,0],[1533521700000,0.08001,0.08001,0.08001,0.08001,0],[1533522600000,0.08001,0.08001,0.08001,0.08001,0],[1533523500000,0.08001,0.08001,0.08001,0.08001,0],[1533524400000,0.08001,0.08001,0.08001,0.08001,0],[1533525300000,0.08001,0.08001,0.08001,0.08001,0],[1533526200000,0.08001,0.08001,0.08000,0.08001,3.00000],[1533527100000,0.08001,0.08001,0.08001,0.08001,0],[1533528000000,0.08001,0.08001,0.08001,0.08001,0],[1533528900000,0.08001,0.08001,0.08001,0.08001,0],[1533529800000,0.08001,0.08001,0.08001,0.08001,0],[1533530700000,0.08001,0.08001,0.08001,0.08001,0],[1533531600000,0.08001,0.08001,0.08001,0.08001,0],[1533532500000,0.08001,0.08001,0.08001,0.08001,0],[1533533400000,0.08001,0.08001,0.08001,0.08001,0],[1533534300000,0.08005,0.08005,0.08001,0.08001,30.00000],[1533535200000,0.08005,0.08005,0.08001,0.08001,105.00000],[1533536100000,0.08005,0.08005,0.08001,0.08001,121.00000],[1533537000000,0.08002,0.08005,0.08001,0.08001,57.00000],[1533537900000,0.08003,0.08003,0.08001,0.08002,19.00000],[1533538800000,0.08002,0.08160,0.08001,0.08019,11714.00000],[1533539700000,0.08003,0.08500,0.08001,0.08486,49636.00000],[1533540600000,0.08494,0.08494,0.08001,0.08001,12612.00000],[1533541500000,0.08000,0.08360,0.08000,0.08360,24111.00000],[1533542400000,0.07999,0.08216,0.07999,0.08216,9399.00000],[1533543300000,0.08216,0.08216,0.08216,0.08216,0],[1533544200000,0.08216,0.08216,0.08216,0.08216,0],[1533545100000,0.08216,0.08216,0.08216,0.08216,0],[1533546000000,0.08216,0.08216,0.08216,0.08216,0],[1533546900000,0.08216,0.08216,0.08216,0.08216,0],[1533547800000,0.08216,0.08216,0.08216,0.08216,0],[1533548700000,0.08030,0.08032,0.08001,0.08031,528.00000],[1533549600000,0.08031,0.08031,0.08031,0.08031,0],[1533550500000,0.08031,0.08031,0.08031,0.08031,0],[1533551400000,0.08031,0.08031,0.08031,0.08031,0],[1533552300000,0.08031,0.08031,0.08031,0.08031,0],[1533553200000,0.08031,0.08031,0.08031,0.08031,0],[1533554100000,0.08031,0.08031,0.08031,0.08031,0],[1533555000000,0.08031,0.08031,0.08031,0.08031,0],[1533555900000,0.08031,0.08031,0.08031,0.08031,0],[1533556800000,0.08031,0.08031,0.08031,0.08031,0],[1533557700000,0.08031,0.08031,0.08031,0.08031,0],[1533558600000,0.08031,0.08031,0.08031,0.08031,0],[1533559500000,0.08031,0.08031,0.08031,0.08031,0],[1533560400000,0.08031,0.08031,0.08031,0.08031,0],[1533561300000,0.08031,0.08031,0.08031,0.08031,0],[1533562200000,0.08031,0.08031,0.08031,0.08031,0],[1533563100000,0.08031,0.08031,0.08031,0.08031,0],[1533564000000,0.08031,0.08031,0.08031,0.08031,0],[1533564900000,0.08031,0.08031,0.08031,0.08031,0],[1533565800000,0.08031,0.08031,0.08031,0.08031,0],[1533566700000,0.08031,0.08031,0.08031,0.08031,0],[1533567600000,0.08031,0.08031,0.08031,0.08031,0],[1533568500000,0.08031,0.08031,0.08031,0.08031,0],[1533569400000,0.08031,0.08031,0.08031,0.08031,0],[1533570300000,0.08031,0.08031,0.08031,0.08031,0],[1533571200000,0.08031,0.08031,0.08031,0.08031,0],[1533572100000,0.08031,0.08031,0.08031,0.08031,0],[1533573000000,0.08031,0.08031,0.08031,0.08031,0],[1533573900000,0.08031,0.08031,0.08031,0.08031,0],[1533574800000,0.08031,0.08031,0.08031,0.08031,0],[1533575700000,0.08031,0.08031,0.08031,0.08031,0],[1533576600000,0.08031,0.08031,0.08031,0.08031,0],[1533577500000,0.08031,0.08031,0.08031,0.08031,0],[1533578400000,0.08031,0.08031,0.08031,0.08031,0],[1533579300000,0.08031,0.08031,0.08031,0.08031,0],[1533580200000,0.08031,0.08031,0.08031,0.08031,0],[1533581100000,0.08031,0.08031,0.08031,0.08031,0],[1533582000000,0.08031,0.08031,0.08031,0.08031,0],[1533582900000,0.08031,0.08031,0.08031,0.08031,0],[1533583800000,0.08031,0.08031,0.08031,0.08031,0],[1533584700000,0.08031,0.08031,0.08031,0.08031,0],[1533585600000,0.08031,0.08031,0.08031,0.08031,0],[1533586500000,0.08031,0.08031,0.08031,0.08031,0],[1533587400000,0.08031,0.08031,0.08031,0.08031,0],[1533588300000,0.08031,0.08031,0.08031,0.08031,0],[1533589200000,0.08031,0.08031,0.08031,0.08031,0],[1533590100000,0.08031,0.08031,0.08031,0.08031,0],[1533591000000,0.08031,0.08031,0.08031,0.08031,0],[1533591900000,0.08031,0.08031,0.08031,0.08031,0],[1533592800000,0.08031,0.08031,0.08031,0.08031,0],[1533593700000,0.08031,0.08031,0.08031,0.08031,0],[1533594600000,0.08031,0.08031,0.08031,0.08031,0],[1533595500000,0.08031,0.08031,0.08031,0.08031,0],[1533596400000,0.08031,0.08031,0.08031,0.08031,0],[1533597300000,0.08031,0.08031,0.08031,0.08031,0],[1533598200000,0.08031,0.08031,0.08031,0.08031,0],[1533599100000,0.08031,0.08031,0.08031,0.08031,0],[1533600000000,0.08031,0.08031,0.08031,0.08031,0],[1533600900000,0.08031,0.08031,0.08031,0.08031,0],[1533601800000,0.08031,0.08031,0.08031,0.08031,0],[1533602700000,0.08031,0.08031,0.08031,0.08031,0],[1533603600000,0.08004,0.08500,0.08003,0.08266,239564.00000],[1533604500000,0.08266,0.08500,0.08003,0.08476,262289.00000],[1533605400000,0.08476,0.08476,0.08476,0.08476,0],[1533606300000,0.09871,0.09871,0.08001,0.08001,541.00000],[1533607200000,0.08001,0.08001,0.08001,0.08001,0],[1533608100000,0.08001,0.08001,0.08001,0.08001,0],[1533609000000,0.08001,0.08001,0.08001,0.08001,440.00000],[1533609900000,0.08001,0.08001,0.08001,0.08001,60.00000],[1533610800000,0.08001,0.08001,0.08001,0.08001,0],[1533611700000,0.08001,0.08001,0.08001,0.08001,0],[1533612600000,0.08000,0.08000,0.08000,0.08000,30.00000],[1533613500000,0.08000,0.08007,0.08000,0.08007,128.00000],[1533614400000,0.08007,0.08007,0.08007,0.08007,0],[1533615300000,0.08007,0.08007,0.08007,0.08007,0],[1533616200000,0.08007,0.08007,0.08007,0.08007,0],[1533617100000,0.08007,0.08007,0.08007,0.08007,0],[1533618000000,0.08007,0.08007,0.08007,0.08007,0],[1533618900000,0.08007,0.08007,0.08007,0.08007,0],[1533619800000,0.08007,0.08007,0.08007,0.08007,0],[1533620700000,0.08007,0.08007,0.08006,0.08006,360.00000],[1533621600000,0.08006,0.08006,0.08006,0.08006,0],[1533622500000,0.08006,0.08006,0.08006,0.08006,0],[1533623400000,0.08006,0.08006,0.08006,0.08006,0],[1533624300000,0.08001,0.08010,0.08001,0.08004,89.00000],[1533625200000,0.08006,0.08029,0.08001,0.08001,6741.00000],[1533626100000,0.08001,0.08500,0.08001,0.08387,104029.00000],[1533627000000,0.08414,0.08500,0.08001,0.08001,114177.00000],[1533627900000,0.08001,0.08001,0.08001,0.08001,0],[1533628800000,0.08001,0.08001,0.08001,0.08001,0],[1533629700000,0.08010,0.08461,0.08009,0.08460,21631.00000],[1533630600000,0.08463,0.08500,0.08001,0.08001,21184.00000],[1533631500000,0.08001,0.08001,0.08001,0.08001,0],[1533632400000,0.08005,0.08258,0.08004,0.08258,11640.00000],[1533633300000,0.08260,0.08500,0.08003,0.08405,33846.00000],[1533634200000,0.08405,0.08405,0.08405,0.08405,0],[1533635100000,0.08405,0.08405,0.08405,0.08405,0],[1533636000000,0.08405,0.08405,0.08405,0.08405,0],[1533636900000,0.08405,0.08405,0.08405,0.08405,0],[1533637800000,0.08405,0.08405,0.08405,0.08405,0],[1533638700000,0.08405,0.08405,0.08405,0.08405,0],[1533639600000,0.08405,0.08405,0.08405,0.08405,0],[1533640500000,0.08405,0.08405,0.08405,0.08405,0],[1533641400000,0.08405,0.08405,0.08405,0.08405,0],[1533642300000,0.08405,0.08405,0.08405,0.08405,0],[1533643200000,0.08405,0.08405,0.08405,0.08405,0],[1533644100000,0.08405,0.08405,0.08405,0.08405,0],[1533645000000,0.08405,0.08405,0.08405,0.08405,0],[1533645900000,0.08405,0.08405,0.08405,0.08405,0],[1533646800000,0.08405,0.08405,0.08405,0.08405,0],[1533647700000,0.08405,0.08405,0.08405,0.08405,0],[1533648600000,0.08405,0.08405,0.08405,0.08405,0],[1533649500000,0.08405,0.08405,0.08405,0.08405,0],[1533650400000,0.08405,0.08405,0.08405,0.08405,0],[1533651300000,0.08405,0.08405,0.08405,0.08405,0],[1533652200000,0.08405,0.08405,0.08405,0.08405,0],[1533653100000,0.08405,0.08405,0.08405,0.08405,0],[1533654000000,0.08405,0.08405,0.08405,0.08405,0],[1533654900000,0.08405,0.08405,0.08405,0.08405,0],[1533655800000,0.08405,0.08405,0.08405,0.08405,0],[1533656700000,0.08405,0.08405,0.08405,0.08405,0],[1533657600000,0.08405,0.08405,0.08405,0.08405,0],[1533658500000,0.08405,0.08405,0.08405,0.08405,0],[1533659400000,0.08405,0.08405,0.08405,0.08405,0],[1533660300000,0.08405,0.08405,0.08405,0.08405,0],[1533661200000,0.08405,0.08405,0.08405,0.08405,0],[1533662100000,0.08405,0.08405,0.08405,0.08405,0],[1533663000000,0.08405,0.08405,0.08405,0.08405,0],[1533663900000,0.08405,0.08405,0.08405,0.08405,0],[1533664800000,0.08405,0.08405,0.08405,0.08405,0],[1533665700000,0.08405,0.08405,0.08405,0.08405,0],[1533666600000,0.08405,0.08405,0.08405,0.08405,0],[1533667500000,0.08405,0.08405,0.08405,0.08405,0],[1533668400000,0.08405,0.08405,0.08405,0.08405,0],[1533669300000,0.08405,0.08405,0.08405,0.08405,0],[1533670200000,0.08405,0.08405,0.08405,0.08405,0],[1533671100000,0.08405,0.08405,0.08405,0.08405,0],[1533672000000,0.08405,0.08405,0.08405,0.08405,0],[1533672900000,0.08405,0.08405,0.08405,0.08405,0],[1533673800000,0.08405,0.08405,0.08405,0.08405,0],[1533674700000,0.08405,0.08405,0.08405,0.08405,0],[1533675600000,0.08405,0.08405,0.08405,0.08405,0],[1533676500000,0.08405,0.08405,0.08405,0.08405,0],[1533677400000,0.08405,0.08405,0.08405,0.08405,0],[1533678300000,0.08405,0.08405,0.08405,0.08405,0],[1533679200000,0.08405,0.08405,0.08405,0.08405,0],[1533680100000,0.08405,0.08405,0.08405,0.08405,0],[1533681000000,0.08405,0.08405,0.08405,0.08405,0],[1533681900000,0.08405,0.08405,0.08405,0.08405,0],[1533682800000,0.08405,0.08405,0.08405,0.08405,0],[1533683700000,0.08405,0.08405,0.08405,0.08405,0],[1533684600000,0.08405,0.08405,0.08405,0.08405,0],[1533685500000,0.08405,0.08405,0.08405,0.08405,0],[1533686400000,0.08405,0.08405,0.08405,0.08405,0],[1533687300000,0.08405,0.08405,0.08405,0.08405,0],[1533688200000,0.08405,0.08405,0.08405,0.08405,0],[1533689100000,0.08405,0.08405,0.08405,0.08405,0],[1533690000000,0.08405,0.08405,0.08405,0.08405,0],[1533690900000,0.08405,0.08405,0.08405,0.08405,0],[1533691800000,0.08001,0.08001,0.08001,0.08001,12.00000],[1533692700000,0.08001,0.08001,0.08001,0.08001,42.00000],[1533693600000,0.08001,0.08012,0.08001,0.08012,204.00000],[1533707100000,0.08012,0.08012,0.08012,0.08012,0],[1533708000000,0.08012,0.08012,0.08012,0.08012,0],[1533708900000,0.08012,0.08012,0.08012,0.08012,0],[1533709800000,0.08012,0.08012,0.08012,0.08012,0],[1533710700000,0.08012,0.08012,0.08012,0.08012,0],[1533711600000,0.08012,0.08012,0.08012,0.08012,0],[1533712500000,0.08012,0.08012,0.08012,0.08012,0],[1533713400000,0.08012,0.08012,0.08012,0.08012,0],[1533714300000,0.08012,0.08012,0.08012,0.08012,0],[1533715200000,0.08012,0.08012,0.08012,0.08012,0],[1533716100000,0.08012,0.08012,0.08012,0.08012,0],[1533717000000,0.08012,0.08012,0.08012,0.08012,0],[1533717900000,0.08012,0.08012,0.08012,0.08012,0],[1533718800000,0.08001,0.08016,0.08001,0.08016,136.00000],[1533720600000,0.08004,1.00000,0.08004,1.00000,11.00000],[1533721500000,0.09500,0.09500,0.08008,0.08008,9.00000],[1533722400000,0.08008,0.08008,0.08008,0.08008,0],[1533723300000,0.08007,0.08007,0.08007,0.08007,1.00000],[1533724200000,0.08001,0.08025,0.08001,0.08025,753.00000],[1533725100000,0.08025,0.08046,0.08001,0.08023,3619.00000],[1533726000000,0.08023,0.08023,0.08023,0.08023,0],[1533726900000,0.08023,0.08023,0.08023,0.08023,0],[1533727800000,0.08023,0.08023,0.08023,0.08023,0],[1533728700000,0.08023,0.08023,0.08023,0.08023,0],[1533729600000,0.08023,0.08023,0.08023,0.08023,0],[1533730500000,0.08023,0.08023,0.08023,0.08023,0],[1533731400000,0.08023,0.08023,0.08023,0.08023,0],[1533732300000,0.08023,0.08023,0.08023,0.08023,0],[1533733200000,0.08023,0.08023,0.08023,0.08023,0],[1533734100000,0.08023,0.08023,0.08023,0.08023,0],[1533735000000,0.08023,0.08023,0.08023,0.08023,0],[1533735900000,0.08023,0.08023,0.08023,0.08023,0],[1533736800000,0.08023,0.08023,0.08023,0.08023,0],[1533737700000,0.08023,0.08023,0.08023,0.08023,0],[1533738600000,0.08023,0.08023,0.08023,0.08023,0],[1533739500000,0.08023,0.08023,0.08023,0.08023,0],[1533740400000,0.08023,0.08023,0.08023,0.08023,0],[1533741300000,0.08023,0.08023,0.08023,0.08023,0],[1533742200000,0.08023,0.08023,0.08023,0.08023,0],[1533743100000,0.08023,0.08023,0.08023,0.08023,0],[1533744000000,0.08023,0.08023,0.08023,0.08023,0],[1533744900000,0.08023,0.08023,0.08023,0.08023,0],[1533745800000,0.08023,0.08023,0.08023,0.08023,0],[1533746700000,0.08023,0.08023,0.08023,0.08023,0],[1533747600000,0.08023,0.08023,0.08023,0.08023,0],[1533748500000,0.08023,0.08023,0.08023,0.08023,0],[1533749400000,0.08023,0.08023,0.08023,0.08023,0],[1533750300000,0.08023,0.08023,0.08023,0.08023,0],[1533751200000,0.08023,0.08023,0.08023,0.08023,0],[1533752100000,0.08023,0.08023,0.08023,0.08023,0],[1533753000000,0.08023,0.08023,0.08023,0.08023,0],[1533753900000,0.08023,0.08023,0.08023,0.08023,0],[1533754800000,0.08023,0.08023,0.08023,0.08023,0],[1533755700000,0.08023,0.08023,0.08023,0.08023,0],[1533756600000,0.08023,0.08023,0.08023,0.08023,0],[1533757500000,0.08023,0.08023,0.08023,0.08023,0],[1533758400000,0.08023,0.08023,0.08023,0.08023,0],[1533759300000,0.08023,0.08023,0.08023,0.08023,0],[1533760200000,0.08023,0.08023,0.08023,0.08023,0],[1533761100000,0.08023,0.08023,0.08023,0.08023,0],[1533762000000,0.08023,0.08023,0.08023,0.08023,0],[1533762900000,0.08023,0.08023,0.08023,0.08023,0],[1533763800000,0.08023,0.08023,0.08023,0.08023,0],[1533764700000,0.08023,0.08023,0.08023,0.08023,0],[1533765600000,0.08023,0.08023,0.08023,0.08023,0],[1533766500000,0.08023,0.08023,0.08023,0.08023,0],[1533767400000,0.08023,0.08023,0.08023,0.08023,0],[1533768300000,0.08023,0.08023,0.08023,0.08023,0],[1533769200000,0.08023,0.08023,0.08023,0.08023,0],[1533770100000,0.08023,0.08023,0.08023,0.08023,0],[1533771000000,0.08023,0.08023,0.08023,0.08023,0],[1533771900000,0.08023,0.08023,0.08023,0.08023,0],[1533772800000,0.08023,0.08023,0.08023,0.08023,0],[1533773700000,0.08023,0.08023,0.08023,0.08023,0],[1533774600000,0.08023,0.08023,0.08023,0.08023,0],[1533775500000,0.08023,0.08023,0.08023,0.08023,0],[1533776400000,0.08001,0.08004,0.08001,0.08003,17.00000],[1533777300000,0.08005,0.08009,0.08001,0.08004,60.00000],[1533778200000,0.08005,0.08020,0.08001,0.08020,215.00000],[1533779100000,0.08020,0.08057,0.08001,0.08001,1449.00000],[1533780000000,0.08003,0.08068,0.08001,0.08049,2866.00000],[1533780900000,0.08049,0.08062,0.08022,0.08022,282.00000],[1533781800000,0.08001,0.08165,0.08001,0.08001,1749.00000],[1533782700000,0.08001,0.08235,0.08001,0.08235,4745.00000],[1533783600000,0.08235,0.08235,0.08235,0.08235,0],[1533784500000,0.08235,0.08235,0.08235,0.08235,0],[1533785400000,0.08235,0.08235,0.08235,0.08235,0],[1533786300000,0.08235,0.08235,0.08235,0.08235,0],[1533787200000,0.08235,0.08235,0.08235,0.08235,0],[1533788100000,0.08235,0.08235,0.08235,0.08235,0],[1533789000000,0.08235,0.08235,0.08235,0.08235,0],[1533789900000,0.08235,0.08235,0.08235,0.08235,0],[1533790800000,0.08235,0.08235,0.08235,0.08235,0],[1533791700000,0.08235,0.08235,0.08235,0.08235,0],[1533792600000,0.08235,0.08235,0.08235,0.08235,0],[1533793500000,0.08235,0.08235,0.08235,0.08235,0],[1533794400000,0.08235,0.08235,0.08235,0.08235,0],[1533795300000,0.08235,0.08235,0.08235,0.08235,0],[1533796200000,0.08235,0.08235,0.08235,0.08235,0],[1533797100000,0.08235,0.08235,0.08235,0.08235,0],[1533798000000,0.08235,0.08235,0.08235,0.08235,0],[1533798900000,0.08235,0.08235,0.08235,0.08235,0],[1533799800000,0.08235,0.08235,0.08235,0.08235,0],[1533800700000,0.08235,0.08235,0.08235,0.08235,0],[1533801600000,0.08235,0.08235,0.08235,0.08235,0],[1533802500000,0.08235,0.08235,0.08235,0.08235,0],[1533803400000,0.08235,0.08235,0.08235,0.08235,0],[1533804300000,0.08235,0.08235,0.08235,0.08235,0],[1533805200000,0.08235,0.08235,0.08235,0.08235,0],[1533806100000,0.08235,0.08235,0.08235,0.08235,0],[1533807000000,0.08235,0.08235,0.08235,0.08235,0],[1533807900000,0.08235,0.08235,0.08235,0.08235,0],[1533808800000,0.08235,0.08235,0.08235,0.08235,0],[1533809700000,0.08235,0.08235,0.08235,0.08235,0],[1533810600000,0.08235,0.08235,0.08235,0.08235,0],[1533811500000,0.08235,0.08235,0.08235,0.08235,0],[1533812400000,0.08235,0.08235,0.08235,0.08235,0],[1533813300000,0.08235,0.08235,0.08235,0.08235,0],[1533814200000,0.08235,0.08235,0.08235,0.08235,0],[1533815100000,0.08235,0.08235,0.08235,0.08235,0],[1533816000000,0.08235,0.08235,0.08235,0.08235,0],[1533816900000,0.08235,0.08235,0.08235,0.08235,0],[1533817800000,0.08235,0.08235,0.08235,0.08235,0],[1533818700000,0.08235,0.08235,0.08235,0.08235,0],[1533819600000,0.08235,0.08235,0.08235,0.08235,0],[1533820500000,0.08235,0.08235,0.08235,0.08235,0],[1533821400000,0.08235,0.08235,0.08235,0.08235,0],[1533822300000,0.08235,0.08235,0.08235,0.08235,0],[1533823200000,0.08235,0.08235,0.08235,0.08235,0],[1533824100000,0.08235,0.08235,0.08235,0.08235,0],[1533825000000,0.08235,0.08235,0.08235,0.08235,0],[1533825900000,0.08235,0.08235,0.08235,0.08235,0],[1533826800000,0.08235,0.08235,0.08235,0.08235,0],[1533827700000,0.08235,0.08235,0.08235,0.08235,0],[1533828600000,0.08235,0.08235,0.08235,0.08235,0],[1533829500000,0.08235,0.08235,0.08235,0.08235,0],[1533830400000,0.08235,0.08235,0.08235,0.08235,0],[1533831300000,0.08235,0.08235,0.08235,0.08235,0],[1533832200000,0.08235,0.08235,0.08235,0.08235,0],[1533833100000,0.08235,0.08235,0.08235,0.08235,0],[1533834000000,0.08235,0.08235,0.08235,0.08235,0],[1533834900000,0.08235,0.08235,0.08235,0.08235,0],[1533835800000,0.08235,0.08235,0.08235,0.08235,0],[1533836700000,0.08235,0.08235,0.08235,0.08235,0],[1533837600000,0.08235,0.08235,0.08235,0.08235,0],[1533838500000,0.08235,0.08235,0.08235,0.08235,0],[1533839400000,0.08235,0.08235,0.08235,0.08235,0],[1533840300000,0.08235,0.08235,0.08235,0.08235,0],[1533841200000,0.08235,0.08235,0.08235,0.08235,0],[1533842100000,0.08235,0.08235,0.08235,0.08235,0],[1533843000000,0.08235,0.08235,0.08235,0.08235,0],[1533843900000,0.08235,0.08235,0.08235,0.08235,0],[1533844800000,0.08235,0.08235,0.08235,0.08235,0],[1533845700000,0.08235,0.08235,0.08235,0.08235,0],[1533846600000,0.08235,0.08235,0.08235,0.08235,0],[1533847500000,0.08235,0.08235,0.08235,0.08235,0],[1533848400000,0.08235,0.08235,0.08235,0.08235,0],[1533849300000,0.08235,0.08235,0.08235,0.08235,0],[1533850200000,0.08235,0.08235,0.08235,0.0823